time, bid price, ask price, bid quantity, ask quantity, spread,
Mon Feb 10 23:12:44 2020, 9855.5, 9856.0, 1951325.0, 1413925.0, 0.5 USD,
Mon Feb 10 23:12:46 2020, 9855.5, 9856.0, 1953545.0, 1417904.0, 0.5 USD,
Mon Feb 10 23:12:48 2020, 9855.5, 9856.0, 1893725.0, 1417457.0, 0.5 USD,
Mon Feb 10 23:12:50 2020, 9855.5, 9856.0, 1926260.0, 1410836.0, 0.5 USD,
Mon Feb 10 23:12:52 2020, 9855.5, 9856.0, 1836290.0, 1400762.0, 0.5 USD,
Mon Feb 10 23:12:54 2020, 9855.5, 9856.0, 1897038.0, 1399796.0, 0.5 USD,
Mon Feb 10 23:12:56 2020, 9855.5, 9856.0, 1927532.0, 1383266.0, 0.5 USD,
Mon Feb 10 23:12:58 2020, 9855.5, 9856.0, 1917532.0, 1382895.0, 0.5 USD,
Mon Feb 10 23:13:00 2020, 9855.5, 9856.0, 1957566.0, 1382895.0, 0.5 USD,
Mon Feb 10 23:13:02 2020, 9855.5, 9856.0, 1886128.0, 1415960.0, 0.5 USD,
Mon Feb 10 23:13:04 2020, 9855.5, 9856.0, 1988505.0, 1415660.0, 0.5 USD,
Mon Feb 10 23:13:06 2020, 9855.5, 9856.0, 1987530.0, 1415930.0, 0.5 USD,
Mon Feb 10 23:13:08 2020, 9855.5, 9856.0, 1987060.0, 1432380.0, 0.5 USD,
Mon Feb 10 23:13:10 2020, 9855.5, 9856.0, 1927060.0, 1432380.0, 0.5 USD,
Mon Feb 10 23:13:12 2020, 9855.5, 9856.0, 1927090.0, 1431710.0, 0.5 USD,
Mon Feb 10 23:13:14 2020, 9855.5, 9856.0, 1968132.0, 1413944.0, 0.5 USD,
Mon Feb 10 23:13:16 2020, 9855.5, 9856.0, 2030131.0, 1423974.0, 0.5 USD,
Mon Feb 10 23:13:18 2020, 9855.5, 9856.0, 1999923.0, 1427411.0, 0.5 USD,
Mon Feb 10 23:13:20 2020, 9855.5, 9856.0, 1995026.0, 1421506.0, 0.5 USD,
Mon Feb 10 23:13:22 2020, 9855.5, 9856.0, 1974799.0, 1419986.0, 0.5 USD,
Mon Feb 10 23:13:24 2020, 9855.5, 9856.0, 1970832.0, 1418986.0, 0.5 USD,
Mon Feb 10 23:13:27 2020, 9855.5, 9856.0, 1961701.0, 1418284.0, 0.5 USD,
Mon Feb 10 23:13:29 2020, 9855.5, 9856.0, 1949830.0, 1465508.0, 0.5 USD,
Mon Feb 10 23:13:31 2020, 9855.5, 9856.0, 1949292.0, 1484508.0, 0.5 USD,
Mon Feb 10 23:13:33 2020, 9855.5, 9856.0, 1950395.0, 1495419.0, 0.5 USD,
Mon Feb 10 23:13:35 2020, 9855.5, 9856.0, 1952561.0, 1503189.0, 0.5 USD,
Mon Feb 10 23:13:37 2020, 9855.5, 9856.0, 1952561.0, 1522889.0, 0.5 USD,
Mon Feb 10 23:13:39 2020, 9855.5, 9856.0, 1868873.0, 1548928.0, 0.5 USD,
Mon Feb 10 23:13:41 2020, 9855.5, 9856.0, 1771319.0, 1601053.0, 0.5 USD,
Mon Feb 10 23:13:43 2020, 9855.5, 9856.0, 1771619.0, 1611787.0, 0.5 USD,
Mon Feb 10 23:13:46 2020, 9855.5, 9856.0, 1771619.0, 1556471.0, 0.5 USD,
Mon Feb 10 23:13:48 2020, 9855.5, 9856.0, 1781319.0, 1560344.0, 0.5 USD,
Mon Feb 10 23:13:50 2020, 9855.5, 9856.0, 1786169.0, 1555666.0, 0.5 USD,
Mon Feb 10 23:13:52 2020, 9855.5, 9856.0, 1778169.0, 1555666.0, 0.5 USD,
Mon Feb 10 23:13:54 2020, 9855.5, 9856.0, 1853169.0, 1540666.0, 0.5 USD,
Mon Feb 10 23:13:56 2020, 9855.5, 9856.0, 2203199.0, 1552996.0, 0.5 USD,
Mon Feb 10 23:13:58 2020, 9855.5, 9856.0, 2288424.0, 1526081.0, 0.5 USD,
Mon Feb 10 23:14:00 2020, 9855.5, 9856.0, 2289501.0, 1526111.0, 0.5 USD,
Mon Feb 10 23:14:02 2020, 9855.5, 9856.0, 2272113.0, 1527881.0, 0.5 USD,
Mon Feb 10 23:14:04 2020, 9855.5, 9856.0, 2288716.0, 1523827.0, 0.5 USD,
Mon Feb 10 23:14:06 2020, 9855.5, 9856.0, 2281490.0, 1523586.0, 0.5 USD,
Mon Feb 10 23:14:08 2020, 9855.5, 9856.0, 2281104.0, 1523586.0, 0.5 USD,
Mon Feb 10 23:14:10 2020, 9855.5, 9856.0, 2265507.0, 1534182.0, 0.5 USD,
Mon Feb 10 23:14:12 2020, 9855.5, 9856.0, 2215507.0, 1539402.0, 0.5 USD,
Mon Feb 10 23:14:14 2020, 9855.5, 9856.0, 2330299.0, 1539155.0, 0.5 USD,
Mon Feb 10 23:14:16 2020, 9855.5, 9856.0, 2340829.0, 1539185.0, 0.5 USD,
Mon Feb 10 23:14:18 2020, 9855.5, 9856.0, 2348017.0, 1540455.0, 0.5 USD,
Mon Feb 10 23:14:20 2020, 9855.5, 9856.0, 2310017.0, 1540155.0, 0.5 USD,
Mon Feb 10 23:14:22 2020, 9855.5, 9856.0, 2305393.0, 1547159.0, 0.5 USD,
Mon Feb 10 23:14:24 2020, 9855.5, 9856.0, 2295390.0, 1547459.0, 0.5 USD,
Mon Feb 10 23:14:27 2020, 9855.5, 9856.0, 2295460.0, 1542159.0, 0.5 USD,
Mon Feb 10 23:14:29 2020, 9855.5, 9856.0, 2278245.0, 1399504.0, 0.5 USD,
Mon Feb 10 23:14:31 2020, 9855.5, 9856.0, 2303815.0, 1423728.0, 0.5 USD,
Mon Feb 10 23:14:33 2020, 9855.5, 9856.0, 2255081.0, 1418033.0, 0.5 USD,
Mon Feb 10 23:14:35 2020, 9855.5, 9856.0, 2255951.0, 1421033.0, 0.5 USD,
Mon Feb 10 23:14:37 2020, 9855.5, 9856.0, 2315981.0, 1402059.0, 0.5 USD,
Mon Feb 10 23:14:39 2020, 9855.5, 9856.0, 2241060.0, 1402029.0, 0.5 USD,
Mon Feb 10 23:14:41 2020, 9855.5, 9856.0, 2346060.0, 1402029.0, 0.5 USD,
Mon Feb 10 23:14:43 2020, 9855.5, 9856.0, 2332910.0, 1321228.0, 0.5 USD,
Mon Feb 10 23:14:45 2020, 9855.5, 9856.0, 2332380.0, 1321228.0, 0.5 USD,
Mon Feb 10 23:14:47 2020, 9855.5, 9856.0, 2332379.0, 1321228.0, 0.5 USD,
Mon Feb 10 23:14:49 2020, 9855.5, 9856.0, 2332399.0, 1321228.0, 0.5 USD,
Mon Feb 10 23:14:51 2020, 9855.5, 9856.0, 1913399.0, 1323525.0, 0.5 USD,
Mon Feb 10 23:14:53 2020, 9855.5, 9856.0, 1913399.0, 1328525.0, 0.5 USD,
Mon Feb 10 23:14:55 2020, 9855.5, 9856.0, 1933429.0, 1328525.0, 0.5 USD,
Mon Feb 10 23:14:57 2020, 9855.5, 9856.0, 1933446.0, 1328642.0, 0.5 USD,
Mon Feb 10 23:14:59 2020, 9855.5, 9856.0, 1933063.0, 1331594.0, 0.5 USD,
Mon Feb 10 23:15:01 2020, 9855.5, 9856.0, 1916323.0, 1331229.0, 0.5 USD,
Mon Feb 10 23:15:04 2020, 9855.5, 9856.0, 1916078.0, 1318525.0, 0.5 USD,
Mon Feb 10 23:15:06 2020, 9855.5, 9856.0, 1904560.0, 1318812.0, 0.5 USD,
Mon Feb 10 23:15:08 2020, 9855.5, 9856.0, 1890409.0, 1319138.0, 0.5 USD,
Mon Feb 10 23:15:10 2020, 9855.5, 9856.0, 1881124.0, 1321540.0, 0.5 USD,
Mon Feb 10 23:15:12 2020, 9855.5, 9856.0, 1883386.0, 1326224.0, 0.5 USD,
Mon Feb 10 23:15:14 2020, 9855.5, 9856.0, 1883386.0, 1412694.0, 0.5 USD,
Mon Feb 10 23:15:16 2020, 9855.5, 9856.0, 1883386.0, 1414049.0, 0.5 USD,
Mon Feb 10 23:15:18 2020, 9855.5, 9856.0, 1883428.0, 1412749.0, 0.5 USD,
Mon Feb 10 23:15:20 2020, 9855.5, 9856.0, 1958428.0, 1407745.0, 0.5 USD,
Mon Feb 10 23:15:22 2020, 9855.5, 9856.0, 2342161.0, 1408575.0, 0.5 USD,
Mon Feb 10 23:15:24 2020, 9855.5, 9856.0, 2324627.0, 1413773.0, 0.5 USD,
Mon Feb 10 23:15:26 2020, 9855.5, 9856.0, 2384627.0, 1408828.0, 0.5 USD,
Mon Feb 10 23:15:28 2020, 9855.5, 9856.0, 2341411.0, 907515.0, 0.5 USD,
Mon Feb 10 23:15:30 2020, 9855.5, 9856.0, 1594449.0, 1522402.0, 0.5 USD,
Mon Feb 10 23:15:32 2020, 9855.5, 9856.0, 717964.0, 1576429.0, 0.5 USD,
Mon Feb 10 23:15:34 2020, 9855.5, 9856.0, 432217.0, 1654724.0, 0.5 USD,
Mon Feb 10 23:15:36 2020, 9855.5, 9856.0, 411298.0, 1784872.0, 0.5 USD,
Mon Feb 10 23:15:38 2020, 9855.5, 9856.0, 357296.0, 1884065.0, 0.5 USD,
Mon Feb 10 23:15:40 2020, 9855.5, 9856.0, 270087.0, 1984049.0, 0.5 USD,
Mon Feb 10 23:15:42 2020, 9855.5, 9856.0, 236617.0, 1991459.0, 0.5 USD,
Mon Feb 10 23:15:44 2020, 9855.5, 9856.0, 126293.0, 2200545.0, 0.5 USD,
Mon Feb 10 23:15:46 2020, 9855.5, 9856.0, 96055.0, 2347560.0, 0.5 USD,
Mon Feb 10 23:15:48 2020, 9855.5, 9856.0, 96025.0, 2492782.0, 0.5 USD,
Mon Feb 10 23:15:50 2020, 9855.5, 9856.0, 94325.0, 2573833.0, 0.5 USD,
Mon Feb 10 23:15:52 2020, 9855.5, 9856.0, 124551.0, 2682957.0, 0.5 USD,
Mon Feb 10 23:15:54 2020, 9855.5, 9856.0, 124051.0, 2774482.0, 0.5 USD,
Mon Feb 10 23:15:56 2020, 9855.5, 9856.0, 27442.0, 2913551.0, 0.5 USD,
Mon Feb 10 23:15:59 2020, 9854.5, 9855.0, 24490.0, 3317703.0, 0.5 USD,
Mon Feb 10 23:16:01 2020, 9854.5, 9855.0, 37332.0, 3621513.0, 0.5 USD,
Mon Feb 10 23:16:03 2020, 9854.5, 9855.0, 25912.0, 3576140.0, 0.5 USD,
Mon Feb 10 23:16:05 2020, 9854.5, 9855.0, 25818.0, 3574947.0, 0.5 USD,
Mon Feb 10 23:16:07 2020, 9854.5, 9855.0, 24938.0, 3567939.0, 0.5 USD,
Mon Feb 10 23:16:09 2020, 9854.5, 9855.0, 20888.0, 3649969.0, 0.5 USD,
Mon Feb 10 23:16:11 2020, 9852.5, 9853.0, 116259.0, 2551532.0, 0.5 USD,
Mon Feb 10 23:16:13 2020, 9852.5, 9853.0, 67020.0, 2623239.0, 0.5 USD,
Mon Feb 10 23:16:15 2020, 9852.5, 9853.0, 60550.0, 2650915.0, 0.5 USD,
Mon Feb 10 23:16:17 2020, 9852.5, 9853.0, 60778.0, 2923635.0, 0.5 USD,
Mon Feb 10 23:16:19 2020, 9852.5, 9853.0, 46694.0, 2950008.0, 0.5 USD,
Mon Feb 10 23:16:21 2020, 9852.5, 9853.0, 5261.0, 3027830.0, 0.5 USD,
Mon Feb 10 23:16:23 2020, 9852.0, 9852.5, 22471.0, 2934526.0, 0.5 USD,
Mon Feb 10 23:16:25 2020, 9851.0, 9851.5, 248375.0, 1064221.0, 0.5 USD,
Mon Feb 10 23:16:28 2020, 9851.0, 9851.5, 168558.0, 2161716.0, 0.5 USD,
Mon Feb 10 23:16:30 2020, 9851.0, 9851.5, 168640.0, 2152992.0, 0.5 USD,
Mon Feb 10 23:16:32 2020, 9851.0, 9851.5, 158244.0, 2159358.0, 0.5 USD,
Mon Feb 10 23:16:34 2020, 9851.0, 9851.5, 159160.0, 2194058.0, 0.5 USD,
Mon Feb 10 23:16:36 2020, 9851.0, 9851.5, 158147.0, 2194054.0, 0.5 USD,
Mon Feb 10 23:16:38 2020, 9851.0, 9851.5, 158216.0, 2201966.0, 0.5 USD,
Mon Feb 10 23:16:40 2020, 9850.5, 9851.0, 254736.0, 2506110.0, 0.5 USD,
Mon Feb 10 23:16:42 2020, 9850.5, 9851.0, 229931.0, 2496638.0, 0.5 USD,
Mon Feb 10 23:16:44 2020, 9850.5, 9851.0, 220026.0, 2472931.0, 0.5 USD,
Mon Feb 10 23:16:46 2020, 9850.5, 9851.0, 218345.0, 2472847.0, 0.5 USD,
Mon Feb 10 23:16:48 2020, 9850.5, 9851.0, 194375.0, 2459934.0, 0.5 USD,
Mon Feb 10 23:16:50 2020, 9850.5, 9851.0, 206913.0, 2453694.0, 0.5 USD,
Mon Feb 10 23:16:52 2020, 9850.5, 9851.0, 197251.0, 2466028.0, 0.5 USD,
Mon Feb 10 23:16:54 2020, 9850.5, 9851.0, 219247.0, 2459625.0, 0.5 USD,
Mon Feb 10 23:16:56 2020, 9850.5, 9851.0, 201510.0, 2464787.0, 0.5 USD,
Mon Feb 10 23:16:58 2020, 9850.5, 9851.0, 191531.0, 2472997.0, 0.5 USD,
Mon Feb 10 23:17:00 2020, 9850.5, 9851.0, 175378.0, 2483044.0, 0.5 USD,
Mon Feb 10 23:17:02 2020, 9850.5, 9851.0, 160367.0, 2563819.0, 0.5 USD,
Mon Feb 10 23:17:04 2020, 9850.5, 9851.0, 160475.0, 2564603.0, 0.5 USD,
Mon Feb 10 23:17:06 2020, 9850.5, 9851.0, 159463.0, 2723517.0, 0.5 USD,
Mon Feb 10 23:17:08 2020, 9850.5, 9851.0, 159032.0, 2714513.0, 0.5 USD,
Mon Feb 10 23:17:11 2020, 9850.5, 9851.0, 159557.0, 2936148.0, 0.5 USD,
Mon Feb 10 23:17:13 2020, 9850.5, 9851.0, 159509.0, 3000180.0, 0.5 USD,
Mon Feb 10 23:17:15 2020, 9850.5, 9851.0, 147557.0, 2987053.0, 0.5 USD,
Mon Feb 10 23:17:17 2020, 9850.5, 9851.0, 147682.0, 3004140.0, 0.5 USD,
Mon Feb 10 23:17:19 2020, 9850.5, 9851.0, 136492.0, 2973155.0, 0.5 USD,
Mon Feb 10 23:17:21 2020, 9850.5, 9851.0, 128488.0, 2959022.0, 0.5 USD,
Mon Feb 10 23:17:23 2020, 9850.5, 9851.0, 125784.0, 2902781.0, 0.5 USD,
Mon Feb 10 23:17:25 2020, 9850.5, 9851.0, 128591.0, 2888670.0, 0.5 USD,
Mon Feb 10 23:17:27 2020, 9848.0, 9848.5, 86001.0, 1033858.0, 0.5 USD,
Mon Feb 10 23:17:29 2020, 9848.0, 9848.5, 513055.0, 2677837.0, 0.5 USD,
Mon Feb 10 23:17:31 2020, 9848.0, 9848.5, 497130.0, 2680003.0, 0.5 USD,
Mon Feb 10 23:17:33 2020, 9848.0, 9848.5, 505085.0, 2602541.0, 0.5 USD,
Mon Feb 10 23:17:35 2020, 9848.0, 9848.5, 504936.0, 2597434.0, 0.5 USD,
Mon Feb 10 23:17:37 2020, 9848.0, 9848.5, 475586.0, 2622434.0, 0.5 USD,
Mon Feb 10 23:17:39 2020, 9848.0, 9848.5, 468086.0, 2649091.0, 0.5 USD,
Mon Feb 10 23:17:41 2020, 9848.0, 9848.5, 471481.0, 2680229.0, 0.5 USD,
Mon Feb 10 23:17:43 2020, 9848.0, 9848.5, 488846.0, 2709383.0, 0.5 USD,
Mon Feb 10 23:17:45 2020, 9848.0, 9848.5, 466708.0, 2731631.0, 0.5 USD,
Mon Feb 10 23:17:47 2020, 9848.0, 9848.5, 466708.0, 2739831.0, 0.5 USD,
Mon Feb 10 23:17:49 2020, 9848.0, 9848.5, 427687.0, 3106458.0, 0.5 USD,
Mon Feb 10 23:17:51 2020, 9848.0, 9848.5, 436893.0, 3106457.0, 0.5 USD,
Mon Feb 10 23:17:53 2020, 9848.0, 9848.5, 436914.0, 3160749.0, 0.5 USD,
Mon Feb 10 23:17:55 2020, 9848.0, 9848.5, 386739.0, 3159458.0, 0.5 USD,
Mon Feb 10 23:17:57 2020, 9848.0, 9848.5, 571672.0, 3142642.0, 0.5 USD,
Mon Feb 10 23:17:59 2020, 9845.5, 9846.0, 359346.0, 2584568.0, 0.5 USD,
Mon Feb 10 23:18:01 2020, 9845.5, 9846.0, 344920.0, 2774405.0, 0.5 USD,
Mon Feb 10 23:18:04 2020, 9845.5, 9846.0, 308452.0, 2715238.0, 0.5 USD,
Mon Feb 10 23:18:06 2020, 9845.5, 9846.0, 313046.0, 2721169.0, 0.5 USD,
Mon Feb 10 23:18:08 2020, 9845.5, 9846.0, 274063.0, 2718151.0, 0.5 USD,
Mon Feb 10 23:18:10 2020, 9845.5, 9846.0, 274058.0, 2723201.0, 0.5 USD,
Mon Feb 10 23:18:12 2020, 9845.5, 9846.0, 259015.0, 2734117.0, 0.5 USD,
Mon Feb 10 23:18:14 2020, 9845.5, 9846.0, 258015.0, 2903431.0, 0.5 USD,
Mon Feb 10 23:18:16 2020, 9845.5, 9846.0, 253015.0, 2886308.0, 0.5 USD,
Mon Feb 10 23:18:18 2020, 9845.5, 9846.0, 248064.0, 2903431.0, 0.5 USD,
Mon Feb 10 23:18:20 2020, 9845.5, 9846.0, 238064.0, 2893164.0, 0.5 USD,
Mon Feb 10 23:18:22 2020, 9845.5, 9846.0, 238086.0, 2813110.0, 0.5 USD,
Mon Feb 10 23:18:24 2020, 9845.5, 9846.0, 242909.0, 2818714.0, 0.5 USD,
Mon Feb 10 23:18:26 2020, 9845.5, 9846.0, 242106.0, 2898710.0, 0.5 USD,
Mon Feb 10 23:18:28 2020, 9845.5, 9846.0, 245989.0, 2818710.0, 0.5 USD,
Mon Feb 10 23:18:30 2020, 9845.5, 9846.0, 229190.0, 2866710.0, 0.5 USD,
Mon Feb 10 23:18:32 2020, 9845.5, 9846.0, 228890.0, 2818451.0, 0.5 USD,
Mon Feb 10 23:18:34 2020, 9845.5, 9846.0, 228890.0, 3042573.0, 0.5 USD,
Mon Feb 10 23:18:36 2020, 9845.5, 9846.0, 228569.0, 2824306.0, 0.5 USD,
Mon Feb 10 23:18:38 2020, 9845.5, 9846.0, 712658.0, 2650077.0, 0.5 USD,
Mon Feb 10 23:18:40 2020, 9845.5, 9846.0, 735030.0, 2618051.0, 0.5 USD,
Mon Feb 10 23:18:42 2020, 9845.5, 9846.0, 729234.0, 2604116.0, 0.5 USD,
Mon Feb 10 23:18:44 2020, 9845.5, 9846.0, 752272.0, 2972537.0, 0.5 USD,
Mon Feb 10 23:18:46 2020, 9845.5, 9846.0, 359226.0, 2985713.0, 0.5 USD,
Mon Feb 10 23:18:48 2020, 9845.5, 9846.0, 671451.0, 2964313.0, 0.5 USD,
Mon Feb 10 23:18:50 2020, 9845.5, 9846.0, 2119375.0, 3233379.0, 0.5 USD,
Mon Feb 10 23:18:52 2020, 9845.5, 9846.0, 2112374.0, 3275461.0, 0.5 USD,
Mon Feb 10 23:18:54 2020, 9845.5, 9846.0, 2089907.0, 3271303.0, 0.5 USD,
Mon Feb 10 23:18:57 2020, 9845.5, 9846.0, 2113790.0, 3248455.0, 0.5 USD,
Mon Feb 10 23:18:59 2020, 9845.5, 9846.0, 2103290.0, 3249232.0, 0.5 USD,
Mon Feb 10 23:19:01 2020, 9845.5, 9846.0, 1780446.0, 3150025.0, 0.5 USD,
Mon Feb 10 23:19:03 2020, 9845.5, 9846.0, 1801933.0, 3102723.0, 0.5 USD,
Mon Feb 10 23:19:05 2020, 9845.5, 9846.0, 1798390.0, 3184639.0, 0.5 USD,
Mon Feb 10 23:19:07 2020, 9845.5, 9846.0, 1645081.0, 3094639.0, 0.5 USD,
Mon Feb 10 23:19:09 2020, 9845.5, 9846.0, 1845190.0, 3094979.0, 0.5 USD,
Mon Feb 10 23:19:11 2020, 9845.5, 9846.0, 1832315.0, 3105831.0, 0.5 USD,
Mon Feb 10 23:19:13 2020, 9845.5, 9846.0, 1827707.0, 3261797.0, 0.5 USD,
Mon Feb 10 23:19:15 2020, 9845.5, 9846.0, 1827607.0, 3261992.0, 0.5 USD,
Mon Feb 10 23:19:17 2020, 9845.5, 9846.0, 1827607.0, 3261215.0, 0.5 USD,
Mon Feb 10 23:19:19 2020, 9845.5, 9846.0, 1827607.0, 3261409.0, 0.5 USD,
Mon Feb 10 23:19:21 2020, 9845.5, 9846.0, 1820656.0, 3308071.0, 0.5 USD,
Mon Feb 10 23:19:23 2020, 9845.5, 9846.0, 1820626.0, 3308399.0, 0.5 USD,
Mon Feb 10 23:19:25 2020, 9845.5, 9846.0, 1800626.0, 3308629.0, 0.5 USD,
Mon Feb 10 23:19:27 2020, 9845.5, 9846.0, 1800626.0, 3296160.0, 0.5 USD,
Mon Feb 10 23:19:29 2020, 9845.5, 9846.0, 1800626.0, 3296160.0, 0.5 USD,
Mon Feb 10 23:19:31 2020, 9845.5, 9846.0, 1805641.0, 3293254.0, 0.5 USD,
Mon Feb 10 23:19:33 2020, 9845.5, 9846.0, 1806010.0, 3285661.0, 0.5 USD,
Mon Feb 10 23:19:35 2020, 9845.5, 9846.0, 1808047.0, 3265925.0, 0.5 USD,
Mon Feb 10 23:19:37 2020, 9845.5, 9846.0, 1806030.0, 3304521.0, 0.5 USD,
Mon Feb 10 23:19:39 2020, 9845.5, 9846.0, 1806030.0, 3278821.0, 0.5 USD,
Mon Feb 10 23:19:41 2020, 9845.5, 9846.0, 1808030.0, 3275791.0, 0.5 USD,
Mon Feb 10 23:19:43 2020, 9845.5, 9846.0, 1831030.0, 3280503.0, 0.5 USD,
Mon Feb 10 23:19:45 2020, 9845.5, 9846.0, 1831031.0, 3288948.0, 0.5 USD,
Mon Feb 10 23:19:47 2020, 9845.5, 9846.0, 1831031.0, 3236979.0, 0.5 USD,
Mon Feb 10 23:19:49 2020, 9845.5, 9846.0, 1828879.0, 3250182.0, 0.5 USD,
Mon Feb 10 23:19:52 2020, 9845.5, 9846.0, 1828884.0, 3220795.0, 0.5 USD,
Mon Feb 10 23:19:54 2020, 9845.5, 9846.0, 1825540.0, 3246736.0, 0.5 USD,
Mon Feb 10 23:19:56 2020, 9845.5, 9846.0, 1827543.0, 3241579.0, 0.5 USD,
Mon Feb 10 23:19:58 2020, 9845.5, 9846.0, 1807542.0, 3248050.0, 0.5 USD,
Mon Feb 10 23:20:00 2020, 9845.5, 9846.0, 1807542.0, 3208070.0, 0.5 USD,
Mon Feb 10 23:20:02 2020, 9845.5, 9846.0, 2682429.0, 628351.0, 0.5 USD,
Mon Feb 10 23:20:04 2020, 9845.5, 9846.0, 2748688.0, 505415.0, 0.5 USD,
Mon Feb 10 23:20:06 2020, 9845.5, 9846.0, 2876189.0, 489982.0, 0.5 USD,
Mon Feb 10 23:20:08 2020, 9845.5, 9846.0, 1870188.0, 509400.0, 0.5 USD,
Mon Feb 10 23:20:10 2020, 9845.5, 9846.0, 1732188.0, 514407.0, 0.5 USD,
Mon Feb 10 23:20:12 2020, 9850.5, 9851.0, 914322.0, 1533406.0, 0.5 USD,
Mon Feb 10 23:20:14 2020, 9850.5, 9851.0, 1253724.0, 1238700.0, 0.5 USD,
Mon Feb 10 23:20:16 2020, 9850.5, 9851.0, 1170662.0, 1224413.0, 0.5 USD,
Mon Feb 10 23:20:18 2020, 9850.5, 9851.0, 656281.0, 1081424.0, 0.5 USD,
Mon Feb 10 23:20:20 2020, 9850.5, 9851.0, 656735.0, 1079382.0, 0.5 USD,
Mon Feb 10 23:20:22 2020, 9850.5, 9851.0, 658060.0, 1109806.0, 0.5 USD,
Mon Feb 10 23:20:24 2020, 9850.5, 9851.0, 609522.0, 1331591.0, 0.5 USD,
Mon Feb 10 23:20:26 2020, 9850.5, 9851.0, 610295.0, 1585709.0, 0.5 USD,
Mon Feb 10 23:20:28 2020, 9850.5, 9851.0, 587298.0, 1618413.0, 0.5 USD,
Mon Feb 10 23:20:30 2020, 9850.5, 9851.0, 582052.0, 1794034.0, 0.5 USD,
Mon Feb 10 23:20:32 2020, 9850.5, 9851.0, 1064902.0, 1670568.0, 0.5 USD,
Mon Feb 10 23:20:34 2020, 9850.5, 9851.0, 704435.0, 1474568.0, 0.5 USD,
Mon Feb 10 23:20:36 2020, 9850.5, 9851.0, 700607.0, 1489030.0, 0.5 USD,
Mon Feb 10 23:20:38 2020, 9850.5, 9851.0, 704166.0, 1484329.0, 0.5 USD,
Mon Feb 10 23:20:40 2020, 9850.5, 9851.0, 702169.0, 1485044.0, 0.5 USD,
Mon Feb 10 23:20:42 2020, 9850.5, 9851.0, 719623.0, 1485204.0, 0.5 USD,
Mon Feb 10 23:20:44 2020, 9850.5, 9851.0, 719771.0, 1509174.0, 0.5 USD,
Mon Feb 10 23:20:47 2020, 9850.5, 9851.0, 719771.0, 1509174.0, 0.5 USD,
Mon Feb 10 23:20:49 2020, 9850.5, 9851.0, 772447.0, 1507666.0, 0.5 USD,
Mon Feb 10 23:20:51 2020, 9850.5, 9851.0, 773509.0, 1615390.0, 0.5 USD,
Mon Feb 10 23:20:53 2020, 9850.5, 9851.0, 1231470.0, 1487795.0, 0.5 USD,
Mon Feb 10 23:20:55 2020, 9850.5, 9851.0, 1203684.0, 1500301.0, 0.5 USD,
Mon Feb 10 23:20:57 2020, 9850.5, 9851.0, 764185.0, 1500502.0, 0.5 USD,
Mon Feb 10 23:20:59 2020, 9850.5, 9851.0, 814252.0, 1502220.0, 0.5 USD,
Mon Feb 10 23:21:01 2020, 9850.5, 9851.0, 912077.0, 1504320.0, 0.5 USD,
Mon Feb 10 23:21:03 2020, 9850.5, 9851.0, 912107.0, 1510543.0, 0.5 USD,
Mon Feb 10 23:21:05 2020, 9850.5, 9851.0, 1378091.0, 1512426.0, 0.5 USD,
Mon Feb 10 23:21:07 2020, 9850.5, 9851.0, 1438091.0, 1506807.0, 0.5 USD,
Mon Feb 10 23:21:09 2020, 9850.5, 9851.0, 1403501.0, 1413751.0, 0.5 USD,
Mon Feb 10 23:21:11 2020, 9850.5, 9851.0, 1637219.0, 695102.0, 0.5 USD,
Mon Feb 10 23:21:13 2020, 9850.5, 9851.0, 1719163.0, 594852.0, 0.5 USD,
Mon Feb 10 23:21:15 2020, 9850.5, 9851.0, 1592199.0, 606691.0, 0.5 USD,
Mon Feb 10 23:21:17 2020, 9850.5, 9851.0, 1573354.0, 606594.0, 0.5 USD,
Mon Feb 10 23:21:19 2020, 9850.5, 9851.0, 1456050.0, 1434584.0, 0.5 USD,
Mon Feb 10 23:21:21 2020, 9850.5, 9851.0, 1456050.0, 1464107.0, 0.5 USD,
Mon Feb 10 23:21:23 2020, 9850.5, 9851.0, 1448152.0, 1451837.0, 0.5 USD,
Mon Feb 10 23:21:25 2020, 9850.5, 9851.0, 1441152.0, 1453579.0, 0.5 USD,
Mon Feb 10 23:21:28 2020, 9850.5, 9851.0, 1007293.0, 1581955.0, 0.5 USD,
Mon Feb 10 23:21:30 2020, 9850.5, 9851.0, 977027.0, 1583233.0, 0.5 USD,
Mon Feb 10 23:21:32 2020, 9850.5, 9851.0, 953498.0, 1610288.0, 0.5 USD,
Mon Feb 10 23:21:34 2020, 9850.5, 9851.0, 954316.0, 1604808.0, 0.5 USD,
Mon Feb 10 23:21:36 2020, 9850.5, 9851.0, 964315.0, 1623627.0, 0.5 USD,
Mon Feb 10 23:21:38 2020, 9850.5, 9851.0, 1100828.0, 1559990.0, 0.5 USD,
Mon Feb 10 23:21:40 2020, 9850.5, 9851.0, 1091711.0, 1438475.0, 0.5 USD,
Mon Feb 10 23:21:42 2020, 9850.5, 9851.0, 1514165.0, 1026655.0, 0.5 USD,
Mon Feb 10 23:21:44 2020, 9850.5, 9851.0, 1573365.0, 1014786.0, 0.5 USD,
Mon Feb 10 23:21:46 2020, 9850.5, 9851.0, 1533643.0, 1094947.0, 0.5 USD,
Mon Feb 10 23:21:48 2020, 9850.5, 9851.0, 1587936.0, 1095181.0, 0.5 USD,
Mon Feb 10 23:21:50 2020, 9850.5, 9851.0, 1553434.0, 1086698.0, 0.5 USD,
Mon Feb 10 23:21:52 2020, 9850.5, 9851.0, 1535745.0, 1086434.0, 0.5 USD,
Mon Feb 10 23:21:54 2020, 9850.5, 9851.0, 1557532.0, 1080806.0, 0.5 USD,
Mon Feb 10 23:21:56 2020, 9850.5, 9851.0, 1589899.0, 732813.0, 0.5 USD,
Mon Feb 10 23:21:58 2020, 9850.5, 9851.0, 1582719.0, 746013.0, 0.5 USD,
Mon Feb 10 23:22:00 2020, 9850.5, 9851.0, 1601842.0, 719513.0, 0.5 USD,
Mon Feb 10 23:22:02 2020, 9850.5, 9851.0, 1656992.0, 685165.0, 0.5 USD,
Mon Feb 10 23:22:04 2020, 9850.5, 9851.0, 1671903.0, 684525.0, 0.5 USD,
Mon Feb 10 23:22:06 2020, 9850.5, 9851.0, 1639591.0, 689854.0, 0.5 USD,
Mon Feb 10 23:22:08 2020, 9850.5, 9851.0, 1669591.0, 681765.0, 0.5 USD,
Mon Feb 10 23:22:10 2020, 9850.5, 9851.0, 1528156.0, 1052822.0, 0.5 USD,
Mon Feb 10 23:22:12 2020, 9850.5, 9851.0, 1546351.0, 1060822.0, 0.5 USD,
Mon Feb 10 23:22:14 2020, 9850.5, 9851.0, 1596381.0, 1071639.0, 0.5 USD,
Mon Feb 10 23:22:16 2020, 9850.5, 9851.0, 1687726.0, 680823.0, 0.5 USD,
Mon Feb 10 23:22:18 2020, 9850.5, 9851.0, 1657886.0, 673792.0, 0.5 USD,
Mon Feb 10 23:22:20 2020, 9850.5, 9851.0, 1673856.0, 669758.0, 0.5 USD,
Mon Feb 10 23:22:23 2020, 9850.5, 9851.0, 1673856.0, 674728.0, 0.5 USD,
Mon Feb 10 23:22:25 2020, 9850.5, 9851.0, 1637908.0, 682170.0, 0.5 USD,
Mon Feb 10 23:22:27 2020, 9850.5, 9851.0, 1642354.0, 690441.0, 0.5 USD,
Mon Feb 10 23:22:29 2020, 9850.5, 9851.0, 1729302.0, 671731.0, 0.5 USD,
Mon Feb 10 23:22:31 2020, 9850.5, 9851.0, 1713302.0, 683055.0, 0.5 USD,
Mon Feb 10 23:22:33 2020, 9850.5, 9851.0, 1670463.0, 695731.0, 0.5 USD,
Mon Feb 10 23:22:35 2020, 9850.5, 9851.0, 1581336.0, 768707.0, 0.5 USD,
Mon Feb 10 23:22:37 2020, 9850.5, 9851.0, 1572336.0, 849751.0, 0.5 USD,
Mon Feb 10 23:22:39 2020, 9850.5, 9851.0, 1568966.0, 702340.0, 0.5 USD,
Mon Feb 10 23:22:41 2020, 9850.5, 9851.0, 1588966.0, 828085.0, 0.5 USD,
Mon Feb 10 23:22:43 2020, 9850.5, 9851.0, 1027482.0, 1616470.0, 0.5 USD,
Mon Feb 10 23:22:45 2020, 9850.5, 9851.0, 1000095.0, 1730179.0, 0.5 USD,
Mon Feb 10 23:22:47 2020, 9850.5, 9851.0, 1017543.0, 1658280.0, 0.5 USD,
Mon Feb 10 23:22:49 2020, 9850.5, 9851.0, 985546.0, 1593664.0, 0.5 USD,
Mon Feb 10 23:22:51 2020, 9850.5, 9851.0, 992796.0, 1601301.0, 0.5 USD,
Mon Feb 10 23:22:53 2020, 9850.5, 9851.0, 1012796.0, 1601270.0, 0.5 USD,
Mon Feb 10 23:22:55 2020, 9850.5, 9851.0, 988796.0, 1547270.0, 0.5 USD,
Mon Feb 10 23:22:57 2020, 9850.5, 9851.0, 958796.0, 1542240.0, 0.5 USD,
Mon Feb 10 23:22:59 2020, 9850.5, 9851.0, 975195.0, 1532270.0, 0.5 USD,
Mon Feb 10 23:23:01 2020, 9850.5, 9851.0, 1015798.0, 1514647.0, 0.5 USD,
Mon Feb 10 23:23:03 2020, 9850.5, 9851.0, 1017270.0, 1510677.0, 0.5 USD,
Mon Feb 10 23:23:05 2020, 9850.5, 9851.0, 1084090.0, 1509606.0, 0.5 USD,
Mon Feb 10 23:23:07 2020, 9850.5, 9851.0, 1033090.0, 1512906.0, 0.5 USD,
Mon Feb 10 23:23:09 2020, 9850.5, 9851.0, 987813.0, 1505350.0, 0.5 USD,
Mon Feb 10 23:23:11 2020, 9850.5, 9851.0, 963189.0, 1505350.0, 0.5 USD,
Mon Feb 10 23:23:14 2020, 9850.5, 9851.0, 943189.0, 1505663.0, 0.5 USD,
Mon Feb 10 23:23:16 2020, 9850.5, 9851.0, 923218.0, 1464529.0, 0.5 USD,
Mon Feb 10 23:23:18 2020, 9850.5, 9851.0, 923218.0, 1415999.0, 0.5 USD,
Mon Feb 10 23:23:20 2020, 9850.5, 9851.0, 906095.0, 1501664.0, 0.5 USD,
Mon Feb 10 23:23:22 2020, 9850.5, 9851.0, 902504.0, 1548699.0, 0.5 USD,
Mon Feb 10 23:23:24 2020, 9850.5, 9851.0, 949239.0, 1612255.0, 0.5 USD,
Mon Feb 10 23:23:26 2020, 9850.5, 9851.0, 926784.0, 1636827.0, 0.5 USD,
Mon Feb 10 23:23:28 2020, 9850.5, 9851.0, 952108.0, 1636827.0, 0.5 USD,
Mon Feb 10 23:23:30 2020, 9850.5, 9851.0, 950109.0, 1636828.0, 0.5 USD,
Mon Feb 10 23:23:32 2020, 9850.5, 9851.0, 970608.0, 1636827.0, 0.5 USD,
Mon Feb 10 23:23:34 2020, 9850.5, 9851.0, 941998.0, 1669651.0, 0.5 USD,
Mon Feb 10 23:23:36 2020, 9850.5, 9851.0, 924039.0, 1713950.0, 0.5 USD,
Mon Feb 10 23:23:38 2020, 9850.5, 9851.0, 922243.0, 1743502.0, 0.5 USD,
Mon Feb 10 23:23:40 2020, 9850.5, 9851.0, 892566.0, 1634070.0, 0.5 USD,
Mon Feb 10 23:23:42 2020, 9850.5, 9851.0, 923596.0, 1743037.0, 0.5 USD,
Mon Feb 10 23:23:44 2020, 9850.5, 9851.0, 893608.0, 1714464.0, 0.5 USD,
Mon Feb 10 23:23:46 2020, 9850.5, 9851.0, 893608.0, 1734519.0, 0.5 USD,
Mon Feb 10 23:23:48 2020, 9850.5, 9851.0, 844587.0, 1799489.0, 0.5 USD,
Mon Feb 10 23:23:50 2020, 9850.5, 9851.0, 892437.0, 1746519.0, 0.5 USD,
Mon Feb 10 23:23:52 2020, 9850.5, 9851.0, 911290.0, 1741826.0, 0.5 USD,
Mon Feb 10 23:23:54 2020, 9850.5, 9851.0, 918290.0, 1746144.0, 0.5 USD,
Mon Feb 10 23:23:56 2020, 9850.5, 9851.0, 840173.0, 1746330.0, 0.5 USD,
Mon Feb 10 23:23:58 2020, 9850.5, 9851.0, 840173.0, 1869330.0, 0.5 USD,
Mon Feb 10 23:24:01 2020, 9850.5, 9851.0, 840173.0, 1813721.0, 0.5 USD,
Mon Feb 10 23:24:03 2020, 9850.5, 9851.0, 856993.0, 1783300.0, 0.5 USD,
Mon Feb 10 23:24:05 2020, 9850.5, 9851.0, 868705.0, 1812454.0, 0.5 USD,
Mon Feb 10 23:24:07 2020, 9850.5, 9851.0, 845166.0, 1705985.0, 0.5 USD,
Mon Feb 10 23:24:09 2020, 9850.5, 9851.0, 856417.0, 1716260.0, 0.5 USD,
Mon Feb 10 23:24:11 2020, 9850.5, 9851.0, 867417.0, 1767377.0, 0.5 USD,
Mon Feb 10 23:24:13 2020, 9850.5, 9851.0, 907700.0, 1762342.0, 0.5 USD,
Mon Feb 10 23:24:15 2020, 9850.5, 9851.0, 904260.0, 1722739.0, 0.5 USD,
Mon Feb 10 23:24:17 2020, 9850.5, 9851.0, 904260.0, 1727789.0, 0.5 USD,
Mon Feb 10 23:24:19 2020, 9850.5, 9851.0, 899159.0, 1727819.0, 0.5 USD,
Mon Feb 10 23:24:21 2020, 9850.5, 9851.0, 763668.0, 1832883.0, 0.5 USD,
Mon Feb 10 23:24:23 2020, 9850.5, 9851.0, 731168.0, 1836838.0, 0.5 USD,
Mon Feb 10 23:24:25 2020, 9850.5, 9851.0, 742492.0, 1836975.0, 0.5 USD,
Mon Feb 10 23:24:27 2020, 9850.5, 9851.0, 875492.0, 1832614.0, 0.5 USD,
Mon Feb 10 23:24:29 2020, 9850.5, 9851.0, 895462.0, 1829605.0, 0.5 USD,
Mon Feb 10 23:24:31 2020, 9850.5, 9851.0, 907462.0, 1860680.0, 0.5 USD,
Mon Feb 10 23:24:33 2020, 9850.5, 9851.0, 908662.0, 1859665.0, 0.5 USD,
Mon Feb 10 23:24:35 2020, 9850.5, 9851.0, 908578.0, 1862671.0, 0.5 USD,
Mon Feb 10 23:24:37 2020, 9850.5, 9851.0, 926419.0, 1871631.0, 0.5 USD,
Mon Feb 10 23:24:39 2020, 9850.5, 9851.0, 957839.0, 1852692.0, 0.5 USD,
Mon Feb 10 23:24:41 2020, 9850.5, 9851.0, 944575.0, 1918682.0, 0.5 USD,
Mon Feb 10 23:24:43 2020, 9850.5, 9851.0, 910608.0, 1888234.0, 0.5 USD,
Mon Feb 10 23:24:46 2020, 9850.5, 9851.0, 830618.0, 1970404.0, 0.5 USD,
Mon Feb 10 23:24:48 2020, 9850.5, 9851.0, 866618.0, 1889389.0, 0.5 USD,
Mon Feb 10 23:24:50 2020, 9850.5, 9851.0, 881839.0, 2022669.0, 0.5 USD,
Mon Feb 10 23:24:52 2020, 9850.5, 9851.0, 848768.0, 2124335.0, 0.5 USD,
Mon Feb 10 23:24:54 2020, 9850.5, 9851.0, 884768.0, 2127365.0, 0.5 USD,
Mon Feb 10 23:24:56 2020, 9850.5, 9851.0, 848768.0, 2166751.0, 0.5 USD,
Mon Feb 10 23:24:58 2020, 9849.5, 9850.0, 18070.0, 2344857.0, 0.5 USD,
Mon Feb 10 23:25:00 2020, 9849.0, 9849.5, 26280.0, 2036460.0, 0.5 USD,
Mon Feb 10 23:25:02 2020, 9849.0, 9849.5, 6817.0, 2948521.0, 0.5 USD,
Mon Feb 10 23:25:04 2020, 9845.0, 9845.5, 12185.0, 340245.0, 0.5 USD,
Mon Feb 10 23:25:06 2020, 9845.0, 9845.5, 184492.0, 1900458.0, 0.5 USD,
Mon Feb 10 23:25:08 2020, 9845.0, 9845.5, 140357.0, 1910354.0, 0.5 USD,
Mon Feb 10 23:25:10 2020, 9845.0, 9845.5, 203461.0, 1833479.0, 0.5 USD,
Mon Feb 10 23:25:12 2020, 9845.0, 9845.5, 185849.0, 2014080.0, 0.5 USD,
Mon Feb 10 23:25:14 2020, 9845.0, 9845.5, 13336.0, 2119439.0, 0.5 USD,
Mon Feb 10 23:25:16 2020, 9845.0, 9845.5, 202447.0, 2155782.0, 0.5 USD,
Mon Feb 10 23:25:18 2020, 9845.0, 9845.5, 188572.0, 2157650.0, 0.5 USD,
Mon Feb 10 23:25:20 2020, 9845.0, 9845.5, 187772.0, 2154497.0, 0.5 USD,
Mon Feb 10 23:25:22 2020, 9844.0, 9844.5, 10291.0, 2236680.0, 0.5 USD,
Mon Feb 10 23:25:24 2020, 9843.0, 9843.5, 65256.0, 1998146.0, 0.5 USD,
Mon Feb 10 23:25:26 2020, 9842.5, 9843.0, 521448.0, 2066858.0, 0.5 USD,
Mon Feb 10 23:25:28 2020, 9842.5, 9843.0, 524852.0, 2102571.0, 0.5 USD,
Mon Feb 10 23:25:30 2020, 9842.5, 9843.0, 627875.0, 2100486.0, 0.5 USD,
Mon Feb 10 23:25:32 2020, 9842.5, 9843.0, 570421.0, 2176536.0, 0.5 USD,
Mon Feb 10 23:25:34 2020, 9842.5, 9843.0, 569721.0, 2189103.0, 0.5 USD,
Mon Feb 10 23:25:37 2020, 9842.5, 9843.0, 609097.0, 2185176.0, 0.5 USD,
Mon Feb 10 23:25:39 2020, 9842.5, 9843.0, 628148.0, 2170618.0, 0.5 USD,
Mon Feb 10 23:25:41 2020, 9842.5, 9843.0, 707394.0, 2170618.0, 0.5 USD,
Mon Feb 10 23:25:43 2020, 9842.5, 9843.0, 719793.0, 2193594.0, 0.5 USD,
Mon Feb 10 23:25:45 2020, 9842.5, 9843.0, 704555.0, 2194370.0, 0.5 USD,
Mon Feb 10 23:25:47 2020, 9841.5, 9842.0, 58068.0, 2878892.0, 0.5 USD,
Mon Feb 10 23:25:49 2020, 9841.5, 9842.0, 74878.0, 2848163.0, 0.5 USD,
Mon Feb 10 23:25:51 2020, 9841.5, 9842.0, 47699.0, 2773815.0, 0.5 USD,
Mon Feb 10 23:25:53 2020, 9841.5, 9842.0, 49298.0, 2824590.0, 0.5 USD,
Mon Feb 10 23:25:55 2020, 9841.5, 9842.0, 33206.0, 2744000.0, 0.5 USD,
Mon Feb 10 23:25:57 2020, 9839.5, 9840.0, 582895.0, 1235194.0, 0.5 USD,
Mon Feb 10 23:25:59 2020, 9839.5, 9840.0, 283532.0, 2110260.0, 0.5 USD,
Mon Feb 10 23:26:01 2020, 9838.0, 9838.5, 563352.0, 877506.0, 0.5 USD,
Mon Feb 10 23:26:03 2020, 9838.0, 9838.5, 516169.0, 2153195.0, 0.5 USD,
Mon Feb 10 23:26:05 2020, 9838.0, 9838.5, 602954.0, 2186453.0, 0.5 USD,
Mon Feb 10 23:26:07 2020, 9838.0, 9838.5, 668254.0, 2147276.0, 0.5 USD,
Mon Feb 10 23:26:09 2020, 9837.5, 9838.0, 118630.0, 2290521.0, 0.5 USD,
Mon Feb 10 23:26:11 2020, 9837.5, 9838.0, 88798.0, 2306885.0, 0.5 USD,
Mon Feb 10 23:26:13 2020, 9837.5, 9838.0, 55904.0, 2325846.0, 0.5 USD,
Mon Feb 10 23:26:15 2020, 9837.5, 9838.0, 71724.0, 2298243.0, 0.5 USD,
Mon Feb 10 23:26:17 2020, 9837.5, 9838.0, 144422.0, 2281019.0, 0.5 USD,
Mon Feb 10 23:26:19 2020, 9837.5, 9838.0, 147257.0, 2212542.0, 0.5 USD,
Mon Feb 10 23:26:21 2020, 9837.5, 9838.0, 64165.0, 2155480.0, 0.5 USD,
Mon Feb 10 23:26:23 2020, 9837.5, 9838.0, 97264.0, 2152423.0, 0.5 USD,
Mon Feb 10 23:26:25 2020, 9837.5, 9838.0, 75209.0, 2316257.0, 0.5 USD,
Mon Feb 10 23:26:27 2020, 9837.5, 9838.0, 80935.0, 2351257.0, 0.5 USD,
Mon Feb 10 23:26:29 2020, 9837.5, 9838.0, 62460.0, 2321232.0, 0.5 USD,
Mon Feb 10 23:26:31 2020, 9837.5, 9838.0, 68120.0, 2353526.0, 0.5 USD,
Mon Feb 10 23:26:34 2020, 9837.5, 9838.0, 84502.0, 2356628.0, 0.5 USD,
Mon Feb 10 23:26:36 2020, 9837.5, 9838.0, 74802.0, 2380889.0, 0.5 USD,
Mon Feb 10 23:26:38 2020, 9837.5, 9838.0, 80827.0, 2390443.0, 0.5 USD,
Mon Feb 10 23:26:40 2020, 9837.5, 9838.0, 94827.0, 2325292.0, 0.5 USD,
Mon Feb 10 23:26:42 2020, 9837.5, 9838.0, 100823.0, 2321156.0, 0.5 USD,
Mon Feb 10 23:26:44 2020, 9837.5, 9838.0, 180324.0, 2389954.0, 0.5 USD,
Mon Feb 10 23:26:46 2020, 9837.5, 9838.0, 180324.0, 2397077.0, 0.5 USD,
Mon Feb 10 23:26:48 2020, 9837.5, 9838.0, 181193.0, 2397077.0, 0.5 USD,
Mon Feb 10 23:26:50 2020, 9837.5, 9838.0, 143878.0, 2407077.0, 0.5 USD,
Mon Feb 10 23:26:52 2020, 9837.5, 9838.0, 134296.0, 2517077.0, 0.5 USD,
Mon Feb 10 23:26:54 2020, 9837.5, 9838.0, 156462.0, 2466007.0, 0.5 USD,
Mon Feb 10 23:26:56 2020, 9837.5, 9838.0, 75452.0, 2466007.0, 0.5 USD,
Mon Feb 10 23:26:58 2020, 9837.5, 9838.0, 32301.0, 2884510.0, 0.5 USD,
Mon Feb 10 23:27:00 2020, 9837.5, 9838.0, 44350.0, 1978981.0, 0.5 USD,
Mon Feb 10 23:27:02 2020, 9837.5, 9838.0, 58780.0, 1606289.0, 0.5 USD,
Mon Feb 10 23:27:04 2020, 9837.5, 9838.0, 58760.0, 1558806.0, 0.5 USD,
Mon Feb 10 23:27:06 2020, 9837.5, 9838.0, 54077.0, 1519522.0, 0.5 USD,
Mon Feb 10 23:27:08 2020, 9837.5, 9838.0, 58125.0, 1691645.0, 0.5 USD,
Mon Feb 10 23:27:10 2020, 9837.5, 9838.0, 349893.0, 1535165.0, 0.5 USD,
Mon Feb 10 23:27:12 2020, 9837.5, 9838.0, 329076.0, 1463638.0, 0.5 USD,
Mon Feb 10 23:27:14 2020, 9837.5, 9838.0, 317452.0, 1522104.0, 0.5 USD,
Mon Feb 10 23:27:16 2020, 9837.5, 9838.0, 295554.0, 1528123.0, 0.5 USD,
Mon Feb 10 23:27:18 2020, 9837.5, 9838.0, 297309.0, 1697720.0, 0.5 USD,
Mon Feb 10 23:27:20 2020, 9837.5, 9838.0, 302309.0, 1773256.0, 0.5 USD,
Mon Feb 10 23:27:22 2020, 9837.5, 9838.0, 303227.0, 1648281.0, 0.5 USD,
Mon Feb 10 23:27:24 2020, 9837.5, 9838.0, 303860.0, 1648281.0, 0.5 USD,
Mon Feb 10 23:27:27 2020, 9837.5, 9838.0, 336054.0, 1195908.0, 0.5 USD,
Mon Feb 10 23:27:29 2020, 9837.5, 9838.0, 208301.0, 1274031.0, 0.5 USD,
Mon Feb 10 23:27:31 2020, 9837.5, 9838.0, 210701.0, 1284147.0, 0.5 USD,
Mon Feb 10 23:27:33 2020, 9837.5, 9838.0, 184873.0, 1265211.0, 0.5 USD,
Mon Feb 10 23:27:35 2020, 9837.5, 9838.0, 184846.0, 1204922.0, 0.5 USD,
Mon Feb 10 23:27:37 2020, 9837.5, 9838.0, 184870.0, 1222122.0, 0.5 USD,
Mon Feb 10 23:27:39 2020, 9837.5, 9838.0, 186711.0, 1239985.0, 0.5 USD,
Mon Feb 10 23:27:41 2020, 9837.5, 9838.0, 152086.0, 1395333.0, 0.5 USD,
Mon Feb 10 23:27:43 2020, 9837.5, 9838.0, 151086.0, 1425153.0, 0.5 USD,
Mon Feb 10 23:27:45 2020, 9837.5, 9838.0, 151239.0, 1425153.0, 0.5 USD,
Mon Feb 10 23:27:47 2020, 9837.5, 9838.0, 145098.0, 1160153.0, 0.5 USD,
Mon Feb 10 23:27:49 2020, 9837.5, 9838.0, 145098.0, 1143030.0, 0.5 USD,
Mon Feb 10 23:27:51 2020, 9837.5, 9838.0, 145098.0, 1160153.0, 0.5 USD,
Mon Feb 10 23:27:53 2020, 9837.5, 9838.0, 115265.0, 1275501.0, 0.5 USD,
Mon Feb 10 23:27:56 2020, 9837.5, 9838.0, 125264.0, 1255491.0, 0.5 USD,
Mon Feb 10 23:27:58 2020, 9837.5, 9838.0, 124263.0, 1255143.0, 0.5 USD,
Mon Feb 10 23:28:00 2020, 9837.5, 9838.0, 140242.0, 1220890.0, 0.5 USD,
Mon Feb 10 23:28:02 2020, 9837.5, 9838.0, 157299.0, 1139010.0, 0.5 USD,
Mon Feb 10 23:28:04 2020, 9837.5, 9838.0, 232435.0, 991156.0, 0.5 USD,
Mon Feb 10 23:28:06 2020, 9837.5, 9838.0, 234186.0, 991499.0, 0.5 USD,
Mon Feb 10 23:28:08 2020, 9837.5, 9838.0, 233409.0, 990031.0, 0.5 USD,
Mon Feb 10 23:28:10 2020, 9837.5, 9838.0, 235598.0, 993186.0, 0.5 USD,
Mon Feb 10 23:28:12 2020, 9837.5, 9838.0, 324150.0, 1008247.0, 0.5 USD,
Mon Feb 10 23:28:14 2020, 9837.5, 9838.0, 307178.0, 989936.0, 0.5 USD,
Mon Feb 10 23:28:16 2020, 9837.5, 9838.0, 753991.0, 825136.0, 0.5 USD,
Mon Feb 10 23:28:18 2020, 9837.5, 9838.0, 864927.0, 750271.0, 0.5 USD,
Mon Feb 10 23:28:20 2020, 9837.5, 9838.0, 846754.0, 2563858.0, 0.5 USD,
Mon Feb 10 23:28:22 2020, 9837.5, 9838.0, 815199.0, 2562279.0, 0.5 USD,
Mon Feb 10 23:28:24 2020, 9837.5, 9838.0, 815517.0, 2562879.0, 0.5 USD,
Mon Feb 10 23:28:26 2020, 9837.5, 9838.0, 755043.0, 2572499.0, 0.5 USD,
Mon Feb 10 23:28:28 2020, 9837.5, 9838.0, 785943.0, 2573139.0, 0.5 USD,
Mon Feb 10 23:28:30 2020, 9837.5, 9838.0, 862161.0, 2534839.0, 0.5 USD,
Mon Feb 10 23:28:32 2020, 9837.5, 9838.0, 909019.0, 2889991.0, 0.5 USD,
Mon Feb 10 23:28:34 2020, 9837.5, 9838.0, 906338.0, 2915706.0, 0.5 USD,
Mon Feb 10 23:28:36 2020, 9837.5, 9838.0, 909337.0, 2913957.0, 0.5 USD,
Mon Feb 10 23:28:38 2020, 9837.5, 9838.0, 888608.0, 3034587.0, 0.5 USD,
Mon Feb 10 23:28:40 2020, 9837.5, 9838.0, 857492.0, 3039230.0, 0.5 USD,
Mon Feb 10 23:28:42 2020, 9837.5, 9838.0, 854038.0, 3040584.0, 0.5 USD,
Mon Feb 10 23:28:44 2020, 9837.5, 9838.0, 852038.0, 2919965.0, 0.5 USD,
Mon Feb 10 23:28:46 2020, 9837.5, 9838.0, 852538.0, 2970430.0, 0.5 USD,
Mon Feb 10 23:28:49 2020, 9837.5, 9838.0, 852538.0, 3030430.0, 0.5 USD,
Mon Feb 10 23:28:51 2020, 9837.5, 9838.0, 862538.0, 3012430.0, 0.5 USD,
Mon Feb 10 23:28:53 2020, 9837.5, 9838.0, 922711.0, 2872889.0, 0.5 USD,
Mon Feb 10 23:28:55 2020, 9837.5, 9838.0, 802182.0, 2872889.0, 0.5 USD,
Mon Feb 10 23:28:57 2020, 9837.5, 9838.0, 817182.0, 2872889.0, 0.5 USD,
Mon Feb 10 23:28:59 2020, 9837.5, 9838.0, 839166.0, 2982889.0, 0.5 USD,
Mon Feb 10 23:29:01 2020, 9837.5, 9838.0, 898671.0, 2877623.0, 0.5 USD,
Mon Feb 10 23:29:03 2020, 9837.5, 9838.0, 330177.0, 3015737.0, 0.5 USD,
Mon Feb 10 23:29:05 2020, 9837.5, 9838.0, 284712.0, 3119356.0, 0.5 USD,
Mon Feb 10 23:29:07 2020, 9837.5, 9838.0, 229430.0, 3100327.0, 0.5 USD,
Mon Feb 10 23:29:09 2020, 9837.5, 9838.0, 363473.0, 3091996.0, 0.5 USD,
Mon Feb 10 23:29:11 2020, 9837.5, 9838.0, 338386.0, 2974486.0, 0.5 USD,
Mon Feb 10 23:29:13 2020, 9837.5, 9838.0, 351886.0, 2997061.0, 0.5 USD,
Mon Feb 10 23:29:15 2020, 9837.0, 9837.5, 507360.0, 413064.0, 0.5 USD,
Mon Feb 10 23:29:17 2020, 9837.0, 9837.5, 455544.0, 1436606.0, 0.5 USD,
Mon Feb 10 23:29:19 2020, 9837.0, 9837.5, 455660.0, 1431562.0, 0.5 USD,
Mon Feb 10 23:29:21 2020, 9837.0, 9837.5, 443891.0, 1594877.0, 0.5 USD,
Mon Feb 10 23:29:23 2020, 9837.0, 9837.5, 440689.0, 1583877.0, 0.5 USD,
Mon Feb 10 23:29:26 2020, 9837.0, 9837.5, 440723.0, 1545136.0, 0.5 USD,
Mon Feb 10 23:29:28 2020, 9837.0, 9837.5, 341093.0, 1409184.0, 0.5 USD,
Mon Feb 10 23:29:30 2020, 9837.0, 9837.5, 341857.0, 1269184.0, 0.5 USD,
Mon Feb 10 23:29:32 2020, 9837.0, 9837.5, 360306.0, 1310993.0, 0.5 USD,
Mon Feb 10 23:29:34 2020, 9835.5, 9836.0, 107473.0, 337840.0, 0.5 USD,
Mon Feb 10 23:29:36 2020, 9835.5, 9836.0, 78683.0, 1378314.0, 0.5 USD,
Mon Feb 10 23:29:38 2020, 9835.5, 9836.0, 78524.0, 1459415.0, 0.5 USD,
Mon Feb 10 23:29:40 2020, 9835.5, 9836.0, 78582.0, 1462715.0, 0.5 USD,
Mon Feb 10 23:29:42 2020, 9832.5, 9833.0, 341880.0, 1400465.0, 0.5 USD,
Mon Feb 10 23:29:44 2020, 9832.5, 9833.0, 846254.0, 1137505.0, 0.5 USD,
Mon Feb 10 23:29:46 2020, 9832.5, 9833.0, 1063183.0, 752067.0, 0.5 USD,
Mon Feb 10 23:29:48 2020, 9832.5, 9833.0, 1065399.0, 762526.0, 0.5 USD,
Mon Feb 10 23:29:50 2020, 9832.5, 9833.0, 1101640.0, 717656.0, 0.5 USD,
Mon Feb 10 23:29:52 2020, 9832.5, 9833.0, 1168417.0, 711739.0, 0.5 USD,
Mon Feb 10 23:29:54 2020, 9832.5, 9833.0, 1209437.0, 704935.0, 0.5 USD,
Mon Feb 10 23:29:56 2020, 9832.5, 9833.0, 1175257.0, 711245.0, 0.5 USD,
Mon Feb 10 23:29:58 2020, 9832.5, 9833.0, 1223983.0, 701899.0, 0.5 USD,
Mon Feb 10 23:30:00 2020, 9832.5, 9833.0, 1196489.0, 797166.0, 0.5 USD,
Mon Feb 10 23:30:02 2020, 9832.5, 9833.0, 1252297.0, 795854.0, 0.5 USD,
Mon Feb 10 23:30:04 2020, 9832.5, 9833.0, 1264855.0, 928659.0, 0.5 USD,
Mon Feb 10 23:30:06 2020, 9832.5, 9833.0, 1263203.0, 934580.0, 0.5 USD,
Mon Feb 10 23:30:09 2020, 9832.5, 9833.0, 1140059.0, 2458804.0, 0.5 USD,
Mon Feb 10 23:30:11 2020, 9832.5, 9833.0, 1109840.0, 2465481.0, 0.5 USD,
Mon Feb 10 23:30:13 2020, 9832.5, 9833.0, 1127709.0, 2222910.0, 0.5 USD,
Mon Feb 10 23:30:15 2020, 9832.5, 9833.0, 1113484.0, 2237910.0, 0.5 USD,
Mon Feb 10 23:30:17 2020, 9832.5, 9833.0, 1095734.0, 2121473.0, 0.5 USD,
Mon Feb 10 23:30:19 2020, 9832.5, 9833.0, 938421.0, 2119073.0, 0.5 USD,
Mon Feb 10 23:30:21 2020, 9832.5, 9833.0, 967154.0, 2228834.0, 0.5 USD,
Mon Feb 10 23:30:23 2020, 9832.5, 9833.0, 936786.0, 2122797.0, 0.5 USD,
Mon Feb 10 23:30:25 2020, 9832.5, 9833.0, 974751.0, 2260084.0, 0.5 USD,
Mon Feb 10 23:30:27 2020, 9832.5, 9833.0, 981682.0, 2170084.0, 0.5 USD,
Mon Feb 10 23:30:29 2020, 9832.5, 9833.0, 960376.0, 2197340.0, 0.5 USD,
Mon Feb 10 23:30:31 2020, 9832.5, 9833.0, 940296.0, 2192227.0, 0.5 USD,
Mon Feb 10 23:30:33 2020, 9832.5, 9833.0, 943901.0, 2188954.0, 0.5 USD,
Mon Feb 10 23:30:35 2020, 9832.5, 9833.0, 919727.0, 2188954.0, 0.5 USD,
Mon Feb 10 23:30:37 2020, 9832.5, 9833.0, 931947.0, 2183004.0, 0.5 USD,
Mon Feb 10 23:30:39 2020, 9832.5, 9833.0, 954351.0, 2180771.0, 0.5 USD,
Mon Feb 10 23:30:41 2020, 9832.5, 9833.0, 994527.0, 2250871.0, 0.5 USD,
Mon Feb 10 23:30:43 2020, 9832.5, 9833.0, 946756.0, 2174260.0, 0.5 USD,
Mon Feb 10 23:30:45 2020, 9832.5, 9833.0, 917769.0, 2144260.0, 0.5 USD,
Mon Feb 10 23:30:47 2020, 9832.5, 9833.0, 917769.0, 2144260.0, 0.5 USD,
Mon Feb 10 23:30:49 2020, 9832.5, 9833.0, 933007.0, 859084.0, 0.5 USD,
Mon Feb 10 23:30:51 2020, 9832.5, 9833.0, 945021.0, 859032.0, 0.5 USD,
Mon Feb 10 23:30:53 2020, 9832.5, 9833.0, 941362.0, 888654.0, 0.5 USD,
Mon Feb 10 23:30:55 2020, 9832.5, 9833.0, 962288.0, 888654.0, 0.5 USD,
Mon Feb 10 23:30:57 2020, 9832.5, 9833.0, 920257.0, 888300.0, 0.5 USD,
Mon Feb 10 23:30:59 2020, 9832.5, 9833.0, 888257.0, 853532.0, 0.5 USD,
Mon Feb 10 23:31:01 2020, 9832.5, 9833.0, 928812.0, 828012.0, 0.5 USD,
Mon Feb 10 23:31:03 2020, 9831.5, 9832.0, 664092.0, 1244943.0, 0.5 USD,
Mon Feb 10 23:31:06 2020, 9831.5, 9832.0, 712978.0, 1166664.0, 0.5 USD,
Mon Feb 10 23:31:08 2020, 9831.5, 9832.0, 707206.0, 1175265.0, 0.5 USD,
Mon Feb 10 23:31:10 2020, 9831.5, 9832.0, 457852.0, 1309985.0, 0.5 USD,
Mon Feb 10 23:31:12 2020, 9831.5, 9832.0, 460135.0, 1292137.0, 0.5 USD,
Mon Feb 10 23:31:14 2020, 9831.5, 9832.0, 480116.0, 1131744.0, 0.5 USD,
Mon Feb 10 23:31:16 2020, 9831.5, 9832.0, 480141.0, 1112354.0, 0.5 USD,
Mon Feb 10 23:31:18 2020, 9831.5, 9832.0, 441141.0, 1293481.0, 0.5 USD,
Mon Feb 10 23:31:20 2020, 9831.5, 9832.0, 437663.0, 1293491.0, 0.5 USD,
Mon Feb 10 23:31:22 2020, 9831.5, 9832.0, 328763.0, 1293549.0, 0.5 USD,
Mon Feb 10 23:31:24 2020, 9831.5, 9832.0, 328863.0, 1250546.0, 0.5 USD,
Mon Feb 10 23:31:26 2020, 9831.5, 9832.0, 308863.0, 1281546.0, 0.5 USD,
Mon Feb 10 23:31:28 2020, 9831.5, 9832.0, 329799.0, 1244805.0, 0.5 USD,
Mon Feb 10 23:31:30 2020, 9831.5, 9832.0, 311191.0, 1451223.0, 0.5 USD,
Mon Feb 10 23:31:32 2020, 9831.5, 9832.0, 314028.0, 1445654.0, 0.5 USD,
Mon Feb 10 23:31:34 2020, 9831.5, 9832.0, 303851.0, 1425579.0, 0.5 USD,
Mon Feb 10 23:31:36 2020, 9831.5, 9832.0, 311543.0, 1409579.0, 0.5 USD,
Mon Feb 10 23:31:38 2020, 9831.5, 9832.0, 289573.0, 1372579.0, 0.5 USD,
Mon Feb 10 23:31:40 2020, 9831.5, 9832.0, 316889.0, 1359365.0, 0.5 USD,
Mon Feb 10 23:31:42 2020, 9831.5, 9832.0, 305851.0, 1361803.0, 0.5 USD,
Mon Feb 10 23:31:44 2020, 9831.5, 9832.0, 335804.0, 1363932.0, 0.5 USD,
Mon Feb 10 23:31:46 2020, 9831.5, 9832.0, 319803.0, 1378565.0, 0.5 USD,
Mon Feb 10 23:31:48 2020, 9831.5, 9832.0, 318786.0, 1363511.0, 0.5 USD,
Mon Feb 10 23:31:50 2020, 9831.5, 9832.0, 323786.0, 1381263.0, 0.5 USD,
Mon Feb 10 23:31:52 2020, 9831.5, 9832.0, 364398.0, 1366565.0, 0.5 USD,
Mon Feb 10 23:31:54 2020, 9831.5, 9832.0, 361586.0, 1456565.0, 0.5 USD,
Mon Feb 10 23:31:56 2020, 9831.5, 9832.0, 361586.0, 1394595.0, 0.5 USD,
Mon Feb 10 23:31:58 2020, 9831.5, 9832.0, 342586.0, 1304620.0, 0.5 USD,
Mon Feb 10 23:32:01 2020, 9831.5, 9832.0, 342624.0, 1265271.0, 0.5 USD,
Mon Feb 10 23:32:03 2020, 9831.5, 9832.0, 349938.0, 1295771.0, 0.5 USD,
Mon Feb 10 23:32:05 2020, 9831.5, 9832.0, 329751.0, 1296166.0, 0.5 USD,
Mon Feb 10 23:32:07 2020, 9831.5, 9832.0, 328030.0, 1266166.0, 0.5 USD,
Mon Feb 10 23:32:09 2020, 9831.5, 9832.0, 347109.0, 1329266.0, 0.5 USD,
Mon Feb 10 23:32:11 2020, 9831.5, 9832.0, 346162.0, 1379087.0, 0.5 USD,
Mon Feb 10 23:32:13 2020, 9831.5, 9832.0, 338836.0, 1371389.0, 0.5 USD,
Mon Feb 10 23:32:15 2020, 9831.5, 9832.0, 243241.0, 1318587.0, 0.5 USD,
Mon Feb 10 23:32:17 2020, 9831.5, 9832.0, 243245.0, 1315889.0, 0.5 USD,
Mon Feb 10 23:32:19 2020, 9831.0, 9831.5, 31115.0, 1480346.0, 0.5 USD,
Mon Feb 10 23:32:21 2020, 9831.0, 9831.5, 42072.0, 1583953.0, 0.5 USD,
Mon Feb 10 23:32:23 2020, 9831.0, 9831.5, 22797.0, 1548129.0, 0.5 USD,
Mon Feb 10 23:32:25 2020, 9831.0, 9831.5, 27917.0, 1784812.0, 0.5 USD,
Mon Feb 10 23:32:27 2020, 9831.0, 9831.5, 24980.0, 1763485.0, 0.5 USD,
Mon Feb 10 23:32:29 2020, 9831.0, 9831.5, 19794.0, 1757724.0, 0.5 USD,
Mon Feb 10 23:32:31 2020, 9831.0, 9831.5, 16462.0, 1780381.0, 0.5 USD,
Mon Feb 10 23:32:33 2020, 9831.0, 9831.5, 13927.0, 1819626.0, 0.5 USD,
Mon Feb 10 23:32:35 2020, 9831.0, 9831.5, 12687.0, 1837323.0, 0.5 USD,
Mon Feb 10 23:32:37 2020, 9831.0, 9831.5, 22865.0, 1522086.0, 0.5 USD,
Mon Feb 10 23:32:39 2020, 9831.0, 9831.5, 22531.0, 1488513.0, 0.5 USD,
Mon Feb 10 23:32:41 2020, 9831.0, 9831.5, 19650.0, 1434577.0, 0.5 USD,
Mon Feb 10 23:32:43 2020, 9831.0, 9831.5, 23650.0, 1443753.0, 0.5 USD,
Mon Feb 10 23:32:45 2020, 9831.0, 9831.5, 23505.0, 1465731.0, 0.5 USD,
Mon Feb 10 23:32:47 2020, 9831.0, 9831.5, 13405.0, 1540097.0, 0.5 USD,
Mon Feb 10 23:32:50 2020, 9830.5, 9831.0, 15020.0, 1560783.0, 0.5 USD,
Mon Feb 10 23:32:52 2020, 9830.5, 9831.0, 9372.0, 1512081.0, 0.5 USD,
Mon Feb 10 23:32:54 2020, 9830.5, 9831.0, 82872.0, 1400627.0, 0.5 USD,
Mon Feb 10 23:32:56 2020, 9830.0, 9830.5, 323920.0, 1274360.0, 0.5 USD,
Mon Feb 10 23:32:58 2020, 9830.0, 9830.5, 331096.0, 1320236.0, 0.5 USD,
Mon Feb 10 23:33:00 2020, 9830.0, 9830.5, 321066.0, 1453973.0, 0.5 USD,
Mon Feb 10 23:33:02 2020, 9830.0, 9830.5, 275141.0, 1427810.0, 0.5 USD,
Mon Feb 10 23:33:04 2020, 9830.0, 9830.5, 269429.0, 1438497.0, 0.5 USD,
Mon Feb 10 23:33:06 2020, 9830.0, 9830.5, 245458.0, 1449150.0, 0.5 USD,
Mon Feb 10 23:33:08 2020, 9830.0, 9830.5, 245925.0, 1451799.0, 0.5 USD,
Mon Feb 10 23:33:10 2020, 9830.0, 9830.5, 246118.0, 1451299.0, 0.5 USD,
Mon Feb 10 23:33:12 2020, 9830.0, 9830.5, 226936.0, 1431309.0, 0.5 USD,
Mon Feb 10 23:33:14 2020, 9830.0, 9830.5, 233075.0, 1355228.0, 0.5 USD,
Mon Feb 10 23:33:16 2020, 9830.0, 9830.5, 844301.0, 258478.0, 0.5 USD,
Mon Feb 10 23:33:18 2020, 9830.0, 9830.5, 949981.0, 181291.0, 0.5 USD,
Mon Feb 10 23:33:20 2020, 9830.0, 9830.5, 963385.0, 81363.0, 0.5 USD,
Mon Feb 10 23:33:22 2020, 9830.0, 9830.5, 1967885.0, 81013.0, 0.5 USD,
Mon Feb 10 23:33:24 2020, 9830.0, 9830.5, 2663070.0, 86731.0, 0.5 USD,
Mon Feb 10 23:33:26 2020, 9830.0, 9830.5, 2668396.0, 50256.0, 0.5 USD,
Mon Feb 10 23:33:28 2020, 9830.5, 9831.0, 1862117.0, 28107.0, 0.5 USD,
Mon Feb 10 23:33:30 2020, 9831.0, 9831.5, 1738594.0, 219466.0, 0.5 USD,
Mon Feb 10 23:33:32 2020, 9831.0, 9831.5, 1758261.0, 205247.0, 0.5 USD,
Mon Feb 10 23:33:34 2020, 9831.0, 9831.5, 1793826.0, 326963.0, 0.5 USD,
Mon Feb 10 23:33:36 2020, 9831.0, 9831.5, 1795017.0, 322469.0, 0.5 USD,
Mon Feb 10 23:33:39 2020, 9831.0, 9831.5, 1785808.0, 312196.0, 0.5 USD,
Mon Feb 10 23:33:41 2020, 9831.0, 9831.5, 1786401.0, 314048.0, 0.5 USD,
Mon Feb 10 23:33:43 2020, 9831.0, 9831.5, 1804231.0, 124859.0, 0.5 USD,
Mon Feb 10 23:33:45 2020, 9831.0, 9831.5, 1806226.0, 125857.0, 0.5 USD,
Mon Feb 10 23:33:47 2020, 9831.0, 9831.5, 1844734.0, 123765.0, 0.5 USD,
Mon Feb 10 23:33:49 2020, 9831.0, 9831.5, 1850334.0, 229161.0, 0.5 USD,
Mon Feb 10 23:33:51 2020, 9831.0, 9831.5, 1825159.0, 264203.0, 0.5 USD,
Mon Feb 10 23:33:53 2020, 9831.0, 9831.5, 1799954.0, 210526.0, 0.5 USD,
Mon Feb 10 23:33:55 2020, 9831.0, 9831.5, 1086353.0, 282287.0, 0.5 USD,
Mon Feb 10 23:33:57 2020, 9831.0, 9831.5, 1107843.0, 277821.0, 0.5 USD,
Mon Feb 10 23:33:59 2020, 9831.0, 9831.5, 1112904.0, 204644.0, 0.5 USD,
Mon Feb 10 23:34:01 2020, 9831.0, 9831.5, 1119338.0, 198788.0, 0.5 USD,
Mon Feb 10 23:34:03 2020, 9831.0, 9831.5, 1143202.0, 203677.0, 0.5 USD,
Mon Feb 10 23:34:05 2020, 9831.0, 9831.5, 1144385.0, 195387.0, 0.5 USD,
Mon Feb 10 23:34:07 2020, 9831.0, 9831.5, 1107440.0, 594095.0, 0.5 USD,
Mon Feb 10 23:34:09 2020, 9831.0, 9831.5, 1063983.0, 595316.0, 0.5 USD,
Mon Feb 10 23:34:11 2020, 9831.0, 9831.5, 994881.0, 670899.0, 0.5 USD,
Mon Feb 10 23:34:13 2020, 9831.0, 9831.5, 993121.0, 734566.0, 0.5 USD,
Mon Feb 10 23:34:15 2020, 9831.0, 9831.5, 993098.0, 707986.0, 0.5 USD,
Mon Feb 10 23:34:17 2020, 9831.0, 9831.5, 1035096.0, 737220.0, 0.5 USD,
Mon Feb 10 23:34:20 2020, 9831.0, 9831.5, 1016396.0, 1261465.0, 0.5 USD,
Mon Feb 10 23:34:22 2020, 9831.0, 9831.5, 977849.0, 1374812.0, 0.5 USD,
Mon Feb 10 23:34:24 2020, 9831.0, 9831.5, 957719.0, 1394882.0, 0.5 USD,
Mon Feb 10 23:34:26 2020, 9831.0, 9831.5, 947731.0, 1286386.0, 0.5 USD,
Mon Feb 10 23:34:28 2020, 9831.0, 9831.5, 956481.0, 1116912.0, 0.5 USD,
Mon Feb 10 23:34:30 2020, 9831.0, 9831.5, 1173452.0, 1193378.0, 0.5 USD,
Mon Feb 10 23:34:32 2020, 9831.0, 9831.5, 951376.0, 1256956.0, 0.5 USD,
Mon Feb 10 23:34:34 2020, 9831.0, 9831.5, 748726.0, 1272921.0, 0.5 USD,
Mon Feb 10 23:34:36 2020, 9831.0, 9831.5, 964530.0, 1239839.0, 0.5 USD,
Mon Feb 10 23:34:38 2020, 9831.0, 9831.5, 945608.0, 1232995.0, 0.5 USD,
Mon Feb 10 23:34:40 2020, 9831.0, 9831.5, 943539.0, 1259208.0, 0.5 USD,
Mon Feb 10 23:34:42 2020, 9831.0, 9831.5, 950073.0, 1222455.0, 0.5 USD,
Mon Feb 10 23:34:44 2020, 9831.0, 9831.5, 950073.0, 1203899.0, 0.5 USD,
Mon Feb 10 23:34:46 2020, 9831.0, 9831.5, 950059.0, 1222124.0, 0.5 USD,
Mon Feb 10 23:34:48 2020, 9831.0, 9831.5, 954149.0, 1266744.0, 0.5 USD,
Mon Feb 10 23:34:50 2020, 9831.0, 9831.5, 1014149.0, 1266285.0, 0.5 USD,
Mon Feb 10 23:34:52 2020, 9831.0, 9831.5, 1010010.0, 1267789.0, 0.5 USD,
Mon Feb 10 23:34:54 2020, 9831.0, 9831.5, 1062563.0, 1267788.0, 0.5 USD,
Mon Feb 10 23:34:56 2020, 9831.0, 9831.5, 1069301.0, 1262200.0, 0.5 USD,
Mon Feb 10 23:34:58 2020, 9831.0, 9831.5, 1062429.0, 1250680.0, 0.5 USD,
Mon Feb 10 23:35:00 2020, 9831.0, 9831.5, 1024402.0, 1307646.0, 0.5 USD,
Mon Feb 10 23:35:02 2020, 9831.0, 9831.5, 1025402.0, 1294932.0, 0.5 USD,
Mon Feb 10 23:35:05 2020, 9831.0, 9831.5, 1065869.0, 1292460.0, 0.5 USD,
Mon Feb 10 23:35:07 2020, 9831.0, 9831.5, 1433917.0, 1229664.0, 0.5 USD,
Mon Feb 10 23:35:09 2020, 9831.0, 9831.5, 1440351.0, 1102364.0, 0.5 USD,
Mon Feb 10 23:35:11 2020, 9831.0, 9831.5, 1521175.0, 1048967.0, 0.5 USD,
Mon Feb 10 23:35:13 2020, 9831.0, 9831.5, 1512627.0, 1049134.0, 0.5 USD,
Mon Feb 10 23:35:15 2020, 9831.0, 9831.5, 1500589.0, 1059414.0, 0.5 USD,
Mon Feb 10 23:35:17 2020, 9831.0, 9831.5, 1527589.0, 1028917.0, 0.5 USD,
Mon Feb 10 23:35:19 2020, 9831.0, 9831.5, 1500842.0, 993942.0, 0.5 USD,
Mon Feb 10 23:35:21 2020, 9831.0, 9831.5, 1500872.0, 1009264.0, 0.5 USD,
Mon Feb 10 23:35:23 2020, 9831.0, 9831.5, 1101482.0, 1129564.0, 0.5 USD,
Mon Feb 10 23:35:25 2020, 9831.0, 9831.5, 1080448.0, 1129365.0, 0.5 USD,
Mon Feb 10 23:35:28 2020, 9831.0, 9831.5, 1142396.0, 1092557.0, 0.5 USD,
Mon Feb 10 23:35:30 2020, 9831.0, 9831.5, 1553788.0, 1036968.0, 0.5 USD,
Mon Feb 10 23:35:32 2020, 9831.0, 9831.5, 1499415.0, 1058752.0, 0.5 USD,
Mon Feb 10 23:35:34 2020, 9831.0, 9831.5, 1512415.0, 1074072.0, 0.5 USD,
Mon Feb 10 23:35:36 2020, 9831.0, 9831.5, 1598815.0, 1094269.0, 0.5 USD,
Mon Feb 10 23:35:38 2020, 9831.0, 9831.5, 1528736.0, 1113802.0, 0.5 USD,
Mon Feb 10 23:35:40 2020, 9831.0, 9831.5, 1167198.0, 1341762.0, 0.5 USD,
Mon Feb 10 23:35:42 2020, 9831.0, 9831.5, 1139494.0, 1383350.0, 0.5 USD,
Mon Feb 10 23:35:44 2020, 9831.0, 9831.5, 1125465.0, 1382175.0, 0.5 USD,
Mon Feb 10 23:35:46 2020, 9831.0, 9831.5, 1125070.0, 1582325.0, 0.5 USD,
Mon Feb 10 23:35:48 2020, 9831.0, 9831.5, 1121532.0, 1570721.0, 0.5 USD,
Mon Feb 10 23:35:50 2020, 9831.0, 9831.5, 925347.0, 1661599.0, 0.5 USD,
Mon Feb 10 23:35:52 2020, 9831.0, 9831.5, 921156.0, 1642685.0, 0.5 USD,
Mon Feb 10 23:35:54 2020, 9831.0, 9831.5, 917585.0, 1620769.0, 0.5 USD,
Mon Feb 10 23:35:56 2020, 9831.0, 9831.5, 946180.0, 1591762.0, 0.5 USD,
Mon Feb 10 23:35:58 2020, 9831.0, 9831.5, 946342.0, 1573793.0, 0.5 USD,
Mon Feb 10 23:36:00 2020, 9831.0, 9831.5, 560926.0, 2264137.0, 0.5 USD,
Mon Feb 10 23:36:02 2020, 9831.0, 9831.5, 556336.0, 2315197.0, 0.5 USD,
Mon Feb 10 23:36:04 2020, 9831.0, 9831.5, 547538.0, 2272842.0, 0.5 USD,
Mon Feb 10 23:36:07 2020, 9831.0, 9831.5, 546629.0, 2248842.0, 0.5 USD,
Mon Feb 10 23:36:09 2020, 9831.0, 9831.5, 480141.0, 2329213.0, 0.5 USD,
Mon Feb 10 23:36:11 2020, 9831.0, 9831.5, 471458.0, 2348983.0, 0.5 USD,
Mon Feb 10 23:36:13 2020, 9831.0, 9831.5, 471428.0, 2225953.0, 0.5 USD,
Mon Feb 10 23:36:15 2020, 9831.0, 9831.5, 471222.0, 2234983.0, 0.5 USD,
Mon Feb 10 23:36:17 2020, 9831.0, 9831.5, 476554.0, 2238383.0, 0.5 USD,
Mon Feb 10 23:36:19 2020, 9831.0, 9831.5, 460524.0, 2207583.0, 0.5 USD,
Mon Feb 10 23:36:21 2020, 9831.0, 9831.5, 460389.0, 2248057.0, 0.5 USD,
Mon Feb 10 23:36:23 2020, 9831.0, 9831.5, 459988.0, 2248509.0, 0.5 USD,
Mon Feb 10 23:36:25 2020, 9831.0, 9831.5, 436835.0, 1927809.0, 0.5 USD,
Mon Feb 10 23:36:27 2020, 9831.0, 9831.5, 436897.0, 1930984.0, 0.5 USD,
Mon Feb 10 23:36:29 2020, 9831.0, 9831.5, 436980.0, 2010820.0, 0.5 USD,
Mon Feb 10 23:36:31 2020, 9831.0, 9831.5, 436448.0, 2008918.0, 0.5 USD,
Mon Feb 10 23:36:33 2020, 9831.0, 9831.5, 439516.0, 1966033.0, 0.5 USD,
Mon Feb 10 23:36:35 2020, 9831.0, 9831.5, 428324.0, 2007235.0, 0.5 USD,
Mon Feb 10 23:36:37 2020, 9831.0, 9831.5, 428449.0, 1957910.0, 0.5 USD,
Mon Feb 10 23:36:39 2020, 9831.0, 9831.5, 428635.0, 2210119.0, 0.5 USD,
Mon Feb 10 23:36:41 2020, 9831.0, 9831.5, 425657.0, 2210339.0, 0.5 USD,
Mon Feb 10 23:36:43 2020, 9831.0, 9831.5, 308476.0, 2158625.0, 0.5 USD,
Mon Feb 10 23:36:45 2020, 9831.0, 9831.5, 244717.0, 2168655.0, 0.5 USD,
Mon Feb 10 23:36:47 2020, 9831.0, 9831.5, 264717.0, 2100931.0, 0.5 USD,
Mon Feb 10 23:36:49 2020, 9831.0, 9831.5, 261306.0, 2110256.0, 0.5 USD,
Mon Feb 10 23:36:51 2020, 9831.0, 9831.5, 261351.0, 2194486.0, 0.5 USD,
Mon Feb 10 23:36:53 2020, 9831.0, 9831.5, 261351.0, 2085486.0, 0.5 USD,
Mon Feb 10 23:36:55 2020, 9831.0, 9831.5, 276918.0, 2152106.0, 0.5 USD,
Mon Feb 10 23:36:58 2020, 9831.0, 9831.5, 283624.0, 2140202.0, 0.5 USD,
Mon Feb 10 23:37:00 2020, 9831.0, 9831.5, 284343.0, 2088379.0, 0.5 USD,
Mon Feb 10 23:37:02 2020, 9831.0, 9831.5, 314259.0, 2073299.0, 0.5 USD,
Mon Feb 10 23:37:04 2020, 9831.0, 9831.5, 322323.0, 2073329.0, 0.5 USD,
Mon Feb 10 23:37:06 2020, 9831.0, 9831.5, 321578.0, 2168151.0, 0.5 USD,
Mon Feb 10 23:37:08 2020, 9831.0, 9831.5, 325348.0, 2107082.0, 0.5 USD,
Mon Feb 10 23:37:10 2020, 9831.0, 9831.5, 319464.0, 2062111.0, 0.5 USD,
Mon Feb 10 23:37:12 2020, 9831.0, 9831.5, 319434.0, 2189996.0, 0.5 USD,
Mon Feb 10 23:37:14 2020, 9831.0, 9831.5, 319434.0, 2184592.0, 0.5 USD,
Mon Feb 10 23:37:16 2020, 9831.0, 9831.5, 270464.0, 2215425.0, 0.5 USD,
Mon Feb 10 23:37:18 2020, 9831.0, 9831.5, 266075.0, 2153655.0, 0.5 USD,
Mon Feb 10 23:37:20 2020, 9831.0, 9831.5, 266075.0, 2197491.0, 0.5 USD,
Mon Feb 10 23:37:22 2020, 9831.0, 9831.5, 263716.0, 2252023.0, 0.5 USD,
Mon Feb 10 23:37:24 2020, 9831.0, 9831.5, 195687.0, 2380954.0, 0.5 USD,
Mon Feb 10 23:37:26 2020, 9831.0, 9831.5, 190999.0, 2515461.0, 0.5 USD,
Mon Feb 10 23:37:28 2020, 9830.0, 9830.5, 210852.0, 3131650.0, 0.5 USD,
Mon Feb 10 23:37:30 2020, 9830.0, 9830.5, 184744.0, 2843763.0, 0.5 USD,
Mon Feb 10 23:37:32 2020, 9830.0, 9830.5, 162373.0, 2852048.0, 0.5 USD,
Mon Feb 10 23:37:34 2020, 9830.0, 9830.5, 162333.0, 2990259.0, 0.5 USD,
Mon Feb 10 23:37:36 2020, 9830.0, 9830.5, 168772.0, 2981246.0, 0.5 USD,
Mon Feb 10 23:37:38 2020, 9829.5, 9830.0, 47436.0, 2827569.0, 0.5 USD,
Mon Feb 10 23:37:40 2020, 9829.0, 9829.5, 56483.0, 1813120.0, 0.5 USD,
Mon Feb 10 23:37:42 2020, 9829.0, 9829.5, 134534.0, 2408849.0, 0.5 USD,
Mon Feb 10 23:37:44 2020, 9829.0, 9829.5, 141622.0, 2356720.0, 0.5 USD,
Mon Feb 10 23:37:46 2020, 9829.0, 9829.5, 140219.0, 2303939.0, 0.5 USD,
Mon Feb 10 23:37:48 2020, 9829.0, 9829.5, 139296.0, 2279939.0, 0.5 USD,
Mon Feb 10 23:37:51 2020, 9828.5, 9829.0, 572787.0, 2564365.0, 0.5 USD,
Mon Feb 10 23:37:53 2020, 9828.5, 9829.0, 572686.0, 2660058.0, 0.5 USD,
Mon Feb 10 23:37:55 2020, 9828.5, 9829.0, 592686.0, 2653856.0, 0.5 USD,
Mon Feb 10 23:37:57 2020, 9828.5, 9829.0, 592987.0, 2815805.0, 0.5 USD,
Mon Feb 10 23:37:59 2020, 9828.5, 9829.0, 592686.0, 2859065.0, 0.5 USD,
Mon Feb 10 23:38:01 2020, 9828.5, 9829.0, 690735.0, 2872199.0, 0.5 USD,
Mon Feb 10 23:38:03 2020, 9828.5, 9829.0, 695319.0, 2897879.0, 0.5 USD,
Mon Feb 10 23:38:05 2020, 9828.5, 9829.0, 685794.0, 2936779.0, 0.5 USD,
Mon Feb 10 23:38:07 2020, 9828.5, 9829.0, 651920.0, 2990014.0, 0.5 USD,
Mon Feb 10 23:38:09 2020, 9828.5, 9829.0, 651920.0, 2914361.0, 0.5 USD,
Mon Feb 10 23:38:11 2020, 9828.5, 9829.0, 652230.0, 2840428.0, 0.5 USD,
Mon Feb 10 23:38:13 2020, 9828.5, 9829.0, 560030.0, 3152148.0, 0.5 USD,
Mon Feb 10 23:38:15 2020, 9828.5, 9829.0, 556473.0, 3129303.0, 0.5 USD,
Mon Feb 10 23:38:17 2020, 9828.5, 9829.0, 543062.0, 3397830.0, 0.5 USD,
Mon Feb 10 23:38:19 2020, 9828.5, 9829.0, 543073.0, 3023073.0, 0.5 USD,
Mon Feb 10 23:38:21 2020, 9828.5, 9829.0, 532292.0, 3219348.0, 0.5 USD,
Mon Feb 10 23:38:23 2020, 9828.5, 9829.0, 516289.0, 3351526.0, 0.5 USD,
Mon Feb 10 23:38:25 2020, 9828.5, 9829.0, 516314.0, 3432426.0, 0.5 USD,
Mon Feb 10 23:38:28 2020, 9828.5, 9829.0, 508778.0, 3744026.0, 0.5 USD,
Mon Feb 10 23:38:30 2020, 9828.5, 9829.0, 508815.0, 3634881.0, 0.5 USD,
Mon Feb 10 23:38:32 2020, 9828.5, 9829.0, 511363.0, 3596191.0, 0.5 USD,
Mon Feb 10 23:38:34 2020, 9828.5, 9829.0, 522393.0, 3587029.0, 0.5 USD,
Mon Feb 10 23:38:36 2020, 9828.5, 9829.0, 514536.0, 3575852.0, 0.5 USD,
Mon Feb 10 23:38:38 2020, 9828.5, 9829.0, 504561.0, 3656545.0, 0.5 USD,
Mon Feb 10 23:38:40 2020, 9828.5, 9829.0, 499291.0, 3690274.0, 0.5 USD,
Mon Feb 10 23:38:42 2020, 9828.5, 9829.0, 136912.0, 3709115.0, 0.5 USD,
Mon Feb 10 23:38:44 2020, 9828.5, 9829.0, 104838.0, 4188516.0, 0.5 USD,
Mon Feb 10 23:38:46 2020, 9828.0, 9828.5, 60800.0, 4251154.0, 0.5 USD,
Mon Feb 10 23:38:48 2020, 9827.5, 9828.0, 141810.0, 3068215.0, 0.5 USD,
Mon Feb 10 23:38:50 2020, 9827.5, 9828.0, 102060.0, 3678832.0, 0.5 USD,
Mon Feb 10 23:38:52 2020, 9827.5, 9828.0, 64094.0, 3734330.0, 0.5 USD,
Mon Feb 10 23:38:54 2020, 9827.5, 9828.0, 54387.0, 3758984.0, 0.5 USD,
Mon Feb 10 23:38:56 2020, 9827.5, 9828.0, 45836.0, 3872408.0, 0.5 USD,
Mon Feb 10 23:38:58 2020, 9827.5, 9828.0, 4281.0, 3855097.0, 0.5 USD,
Mon Feb 10 23:39:00 2020, 9827.5, 9828.0, 11411.0, 3866756.0, 0.5 USD,
Mon Feb 10 23:39:02 2020, 9827.0, 9827.5, 17893.0, 3962914.0, 0.5 USD,
Mon Feb 10 23:39:05 2020, 9827.0, 9827.5, 76854.0, 4341551.0, 0.5 USD,
Mon Feb 10 23:39:07 2020, 9826.5, 9827.0, 2871.0, 4169872.0, 0.5 USD,
Mon Feb 10 23:39:09 2020, 9826.0, 9826.5, 51871.0, 3361664.0, 0.5 USD,
Mon Feb 10 23:39:11 2020, 9826.0, 9826.5, 37431.0, 3260397.0, 0.5 USD,
Mon Feb 10 23:39:13 2020, 9826.0, 9826.5, 1036960.0, 3432569.0, 0.5 USD,
Mon Feb 10 23:39:15 2020, 9826.0, 9826.5, 1021956.0, 3356023.0, 0.5 USD,
Mon Feb 10 23:39:17 2020, 9826.0, 9826.5, 1024841.0, 3647315.0, 0.5 USD,
Mon Feb 10 23:39:19 2020, 9826.0, 9826.5, 1029024.0, 3654457.0, 0.5 USD,
Mon Feb 10 23:39:21 2020, 9826.0, 9826.5, 1080449.0, 3656392.0, 0.5 USD,
Mon Feb 10 23:39:23 2020, 9826.0, 9826.5, 1086777.0, 3665801.0, 0.5 USD,
Mon Feb 10 23:39:26 2020, 9826.0, 9826.5, 1086837.0, 3690505.0, 0.5 USD,
Mon Feb 10 23:39:28 2020, 9826.0, 9826.5, 1108355.0, 3684360.0, 0.5 USD,
Mon Feb 10 23:39:30 2020, 9826.0, 9826.5, 1096277.0, 3602356.0, 0.5 USD,
Mon Feb 10 23:39:32 2020, 9826.0, 9826.5, 1095597.0, 3555175.0, 0.5 USD,
Mon Feb 10 23:39:34 2020, 9826.0, 9826.5, 1114597.0, 3562669.0, 0.5 USD,
Mon Feb 10 23:39:36 2020, 9826.0, 9826.5, 1113597.0, 3551775.0, 0.5 USD,
Mon Feb 10 23:39:38 2020, 9826.0, 9826.5, 1047547.0, 3568320.0, 0.5 USD,
Mon Feb 10 23:39:40 2020, 9826.0, 9826.5, 1047069.0, 3568320.0, 0.5 USD,
Mon Feb 10 23:39:42 2020, 9826.0, 9826.5, 1052264.0, 3777227.0, 0.5 USD,
Mon Feb 10 23:39:44 2020, 9826.0, 9826.5, 1055712.0, 3703665.0, 0.5 USD,
Mon Feb 10 23:39:46 2020, 9826.0, 9826.5, 1051822.0, 3665479.0, 0.5 USD,
Mon Feb 10 23:39:48 2020, 9826.0, 9826.5, 1051876.0, 3675379.0, 0.5 USD,
Mon Feb 10 23:39:50 2020, 9826.0, 9826.5, 1051301.0, 3777079.0, 0.5 USD,
Mon Feb 10 23:39:52 2020, 9826.0, 9826.5, 1015887.0, 3931866.0, 0.5 USD,
Mon Feb 10 23:39:54 2020, 9826.0, 9826.5, 1016187.0, 3586566.0, 0.5 USD,
Mon Feb 10 23:39:56 2020, 9826.0, 9826.5, 1017310.0, 3543557.0, 0.5 USD,
Mon Feb 10 23:39:58 2020, 9826.0, 9826.5, 517310.0, 3561250.0, 0.5 USD,
Mon Feb 10 23:40:00 2020, 9826.0, 9826.5, 832430.0, 3584359.0, 0.5 USD,
Mon Feb 10 23:40:02 2020, 9826.0, 9826.5, 810802.0, 3666888.0, 0.5 USD,
Mon Feb 10 23:40:04 2020, 9826.0, 9826.5, 837779.0, 3487631.0, 0.5 USD,
Mon Feb 10 23:40:06 2020, 9826.0, 9826.5, 866989.0, 3363053.0, 0.5 USD,
Mon Feb 10 23:40:08 2020, 9826.0, 9826.5, 865043.0, 3339742.0, 0.5 USD,
Mon Feb 10 23:40:10 2020, 9826.0, 9826.5, 805204.0, 3467886.0, 0.5 USD,
Mon Feb 10 23:40:13 2020, 9822.5, 9823.0, 150887.0, 1804908.0, 0.5 USD,
Mon Feb 10 23:40:15 2020, 9822.5, 9823.0, 222919.0, 2547559.0, 0.5 USD,
Mon Feb 10 23:40:17 2020, 9822.5, 9823.0, 218725.0, 2827636.0, 0.5 USD,
Mon Feb 10 23:40:19 2020, 9822.5, 9823.0, 221620.0, 2808890.0, 0.5 USD,
Mon Feb 10 23:40:21 2020, 9822.5, 9823.0, 171982.0, 2812932.0, 0.5 USD,
Mon Feb 10 23:40:23 2020, 9822.5, 9823.0, 169059.0, 2907590.0, 0.5 USD,
Mon Feb 10 23:40:25 2020, 9822.5, 9823.0, 145024.0, 3041263.0, 0.5 USD,
Mon Feb 10 23:40:27 2020, 9822.5, 9823.0, 114983.0, 2895322.0, 0.5 USD,
Mon Feb 10 23:40:29 2020, 9822.5, 9823.0, 115111.0, 2855322.0, 0.5 USD,
Mon Feb 10 23:40:31 2020, 9822.5, 9823.0, 134828.0, 2949322.0, 0.5 USD,
Mon Feb 10 23:40:33 2020, 9822.5, 9823.0, 193828.0, 2948768.0, 0.5 USD,
Mon Feb 10 23:40:35 2020, 9822.5, 9823.0, 125128.0, 3288996.0, 0.5 USD,
Mon Feb 10 23:40:37 2020, 9822.5, 9823.0, 123076.0, 3471221.0, 0.5 USD,
Mon Feb 10 23:40:39 2020, 9822.5, 9823.0, 124076.0, 3470998.0, 0.5 USD,
Mon Feb 10 23:40:41 2020, 9822.5, 9823.0, 121024.0, 3501586.0, 0.5 USD,
Mon Feb 10 23:40:43 2020, 9822.5, 9823.0, 120997.0, 3445388.0, 0.5 USD,
Mon Feb 10 23:40:45 2020, 9822.5, 9823.0, 120804.0, 3446326.0, 0.5 USD,
Mon Feb 10 23:40:47 2020, 9822.5, 9823.0, 120804.0, 3446326.0, 0.5 USD,
Mon Feb 10 23:40:49 2020, 9822.5, 9823.0, 103148.0, 3466474.0, 0.5 USD,
Mon Feb 10 23:40:51 2020, 9822.5, 9823.0, 110674.0, 3526414.0, 0.5 USD,
Mon Feb 10 23:40:53 2020, 9822.5, 9823.0, 107671.0, 3567893.0, 0.5 USD,
Mon Feb 10 23:40:55 2020, 9822.5, 9823.0, 83452.0, 3723646.0, 0.5 USD,
Mon Feb 10 23:40:57 2020, 9822.5, 9823.0, 82040.0, 3748771.0, 0.5 USD,
Mon Feb 10 23:40:59 2020, 9822.5, 9823.0, 87944.0, 3642181.0, 0.5 USD,
Mon Feb 10 23:41:01 2020, 9822.5, 9823.0, 87175.0, 3568146.0, 0.5 USD,
Mon Feb 10 23:41:03 2020, 9822.5, 9823.0, 86189.0, 3624704.0, 0.5 USD,
Mon Feb 10 23:41:06 2020, 9822.5, 9823.0, 85991.0, 3568665.0, 0.5 USD,
Mon Feb 10 23:41:08 2020, 9822.5, 9823.0, 86791.0, 3599254.0, 0.5 USD,
Mon Feb 10 23:41:10 2020, 9822.5, 9823.0, 140174.0, 3559642.0, 0.5 USD,
Mon Feb 10 23:41:12 2020, 9822.5, 9823.0, 144067.0, 3409542.0, 0.5 USD,
Mon Feb 10 23:41:14 2020, 9822.5, 9823.0, 144666.0, 3437712.0, 0.5 USD,
Mon Feb 10 23:41:16 2020, 9822.5, 9823.0, 134218.0, 3394495.0, 0.5 USD,
Mon Feb 10 23:41:18 2020, 9822.5, 9823.0, 134138.0, 3477863.0, 0.5 USD,
Mon Feb 10 23:41:20 2020, 9822.5, 9823.0, 134138.0, 3403491.0, 0.5 USD,
Mon Feb 10 23:41:22 2020, 9822.5, 9823.0, 140425.0, 3393517.0, 0.5 USD,
Mon Feb 10 23:41:24 2020, 9822.5, 9823.0, 143373.0, 3376625.0, 0.5 USD,
Mon Feb 10 23:41:26 2020, 9822.5, 9823.0, 133502.0, 3300521.0, 0.5 USD,
Mon Feb 10 23:41:28 2020, 9822.5, 9823.0, 133495.0, 3293136.0, 0.5 USD,
Mon Feb 10 23:41:30 2020, 9822.5, 9823.0, 133487.0, 3317903.0, 0.5 USD,
Mon Feb 10 23:41:32 2020, 9822.5, 9823.0, 133507.0, 3327170.0, 0.5 USD,
Mon Feb 10 23:41:35 2020, 9822.5, 9823.0, 132967.0, 3341170.0, 0.5 USD,
Mon Feb 10 23:41:37 2020, 9822.5, 9823.0, 126609.0, 3149170.0, 0.5 USD,
Mon Feb 10 23:41:39 2020, 9822.5, 9823.0, 126604.0, 3229110.0, 0.5 USD,
Mon Feb 10 23:41:41 2020, 9822.5, 9823.0, 123854.0, 3230150.0, 0.5 USD,
Mon Feb 10 23:41:43 2020, 9822.5, 9823.0, 125762.0, 3142930.0, 0.5 USD,
Mon Feb 10 23:41:45 2020, 9822.5, 9823.0, 125547.0, 3240855.0, 0.5 USD,
Mon Feb 10 23:41:47 2020, 9822.5, 9823.0, 125497.0, 3341300.0, 0.5 USD,
Mon Feb 10 23:41:49 2020, 9822.5, 9823.0, 69772.0, 3420077.0, 0.5 USD,
Mon Feb 10 23:41:51 2020, 9822.5, 9823.0, 69772.0, 3349636.0, 0.5 USD,
Mon Feb 10 23:41:53 2020, 9822.5, 9823.0, 54779.0, 3349636.0, 0.5 USD,
Mon Feb 10 23:41:55 2020, 9822.5, 9823.0, 47694.0, 3349365.0, 0.5 USD,
Mon Feb 10 23:41:57 2020, 9822.5, 9823.0, 42305.0, 3348232.0, 0.5 USD,
Mon Feb 10 23:41:59 2020, 9822.5, 9823.0, 434572.0, 3265379.0, 0.5 USD,
Mon Feb 10 23:42:01 2020, 9822.5, 9823.0, 461958.0, 3257150.0, 0.5 USD,
Mon Feb 10 23:42:03 2020, 9822.5, 9823.0, 924957.0, 3238800.0, 0.5 USD,
Mon Feb 10 23:42:05 2020, 9822.5, 9823.0, 954657.0, 3249554.0, 0.5 USD,
Mon Feb 10 23:42:07 2020, 9822.5, 9823.0, 1026657.0, 3354603.0, 0.5 USD,
Mon Feb 10 23:42:09 2020, 9822.5, 9823.0, 1058764.0, 3327857.0, 0.5 USD,
Mon Feb 10 23:42:11 2020, 9822.5, 9823.0, 1082966.0, 3328284.0, 0.5 USD,
Mon Feb 10 23:42:13 2020, 9822.5, 9823.0, 1077073.0, 3348384.0, 0.5 USD,
Mon Feb 10 23:42:15 2020, 9822.5, 9823.0, 1059822.0, 3440211.0, 0.5 USD,
Mon Feb 10 23:42:17 2020, 9822.5, 9823.0, 1048215.0, 3637666.0, 0.5 USD,
Mon Feb 10 23:42:19 2020, 9822.5, 9823.0, 1028322.0, 3507696.0, 0.5 USD,
Mon Feb 10 23:42:21 2020, 9822.5, 9823.0, 1003324.0, 3508691.0, 0.5 USD,
Mon Feb 10 23:42:23 2020, 9822.5, 9823.0, 1008046.0, 3356162.0, 0.5 USD,
Mon Feb 10 23:42:25 2020, 9822.5, 9823.0, 677754.0, 3481112.0, 0.5 USD,
Mon Feb 10 23:42:27 2020, 9822.5, 9823.0, 697747.0, 3481087.0, 0.5 USD,
Mon Feb 10 23:42:30 2020, 9822.5, 9823.0, 629684.0, 3661283.0, 0.5 USD,
Mon Feb 10 23:42:32 2020, 9822.5, 9823.0, 630684.0, 3601056.0, 0.5 USD,
Mon Feb 10 23:42:34 2020, 9822.5, 9823.0, 629839.0, 3594202.0, 0.5 USD,
Mon Feb 10 23:42:36 2020, 9822.5, 9823.0, 640048.0, 3494979.0, 0.5 USD,
Mon Feb 10 23:42:38 2020, 9822.5, 9823.0, 638048.0, 3544949.0, 0.5 USD,
Mon Feb 10 23:42:40 2020, 9822.5, 9823.0, 608350.0, 3601488.0, 0.5 USD,
Mon Feb 10 23:42:42 2020, 9822.5, 9823.0, 608550.0, 3641408.0, 0.5 USD,
Mon Feb 10 23:42:44 2020, 9822.5, 9823.0, 608270.0, 3661408.0, 0.5 USD,
Mon Feb 10 23:42:46 2020, 9822.5, 9823.0, 602082.0, 3643775.0, 0.5 USD,
Mon Feb 10 23:42:48 2020, 9822.5, 9823.0, 600082.0, 3611775.0, 0.5 USD,
Mon Feb 10 23:42:50 2020, 9822.5, 9823.0, 590082.0, 3615645.0, 0.5 USD,
Mon Feb 10 23:42:52 2020, 9822.5, 9823.0, 569792.0, 3607635.0, 0.5 USD,
Mon Feb 10 23:42:54 2020, 9822.5, 9823.0, 566342.0, 3602178.0, 0.5 USD,
Mon Feb 10 23:42:57 2020, 9822.5, 9823.0, 576237.0, 3640005.0, 0.5 USD,
Mon Feb 10 23:42:59 2020, 9822.5, 9823.0, 594237.0, 3642827.0, 0.5 USD,
Mon Feb 10 23:43:01 2020, 9822.5, 9823.0, 591711.0, 3933589.0, 0.5 USD,
Mon Feb 10 23:43:03 2020, 9822.5, 9823.0, 585455.0, 3923324.0, 0.5 USD,
Mon Feb 10 23:43:05 2020, 9822.5, 9823.0, 567390.0, 3884373.0, 0.5 USD,
Mon Feb 10 23:43:07 2020, 9822.5, 9823.0, 556023.0, 3621570.0, 0.5 USD,
Mon Feb 10 23:43:09 2020, 9822.5, 9823.0, 575051.0, 3462668.0, 0.5 USD,
Mon Feb 10 23:43:11 2020, 9822.5, 9823.0, 572051.0, 3443044.0, 0.5 USD,
Mon Feb 10 23:43:13 2020, 9822.5, 9823.0, 572048.0, 3678553.0, 0.5 USD,
Mon Feb 10 23:43:15 2020, 9822.5, 9823.0, 565048.0, 3681093.0, 0.5 USD,
Mon Feb 10 23:43:17 2020, 9822.5, 9823.0, 571047.0, 3687124.0, 0.5 USD,
Mon Feb 10 23:43:19 2020, 9822.5, 9823.0, 571867.0, 3692752.0, 0.5 USD,
Mon Feb 10 23:43:21 2020, 9822.5, 9823.0, 571878.0, 3692665.0, 0.5 USD,
Mon Feb 10 23:43:23 2020, 9822.5, 9823.0, 570878.0, 3726657.0, 0.5 USD,
Mon Feb 10 23:43:25 2020, 9822.5, 9823.0, 570878.0, 3719077.0, 0.5 USD,
Mon Feb 10 23:43:28 2020, 9822.5, 9823.0, 577862.0, 3704077.0, 0.5 USD,
Mon Feb 10 23:43:30 2020, 9822.5, 9823.0, 614862.0, 3620523.0, 0.5 USD,
Mon Feb 10 23:43:32 2020, 9822.5, 9823.0, 615092.0, 3676848.0, 0.5 USD,
Mon Feb 10 23:43:34 2020, 9822.5, 9823.0, 615092.0, 3603298.0, 0.5 USD,
Mon Feb 10 23:43:36 2020, 9822.5, 9823.0, 625442.0, 3732956.0, 0.5 USD,
Mon Feb 10 23:43:38 2020, 9822.5, 9823.0, 625842.0, 4625491.0, 0.5 USD,
Mon Feb 10 23:43:40 2020, 9822.5, 9823.0, 606342.0, 4612030.0, 0.5 USD,
Mon Feb 10 23:43:42 2020, 9822.5, 9823.0, 606229.0, 4591517.0, 0.5 USD,
Mon Feb 10 23:43:44 2020, 9822.5, 9823.0, 606229.0, 4481637.0, 0.5 USD,
Mon Feb 10 23:43:46 2020, 9822.5, 9823.0, 995989.0, 4393603.0, 0.5 USD,
Mon Feb 10 23:43:48 2020, 9822.5, 9823.0, 1021493.0, 4452436.0, 0.5 USD,
Mon Feb 10 23:43:50 2020, 9822.5, 9823.0, 631493.0, 4455124.0, 0.5 USD,
Mon Feb 10 23:43:52 2020, 9822.5, 9823.0, 631493.0, 4475123.0, 0.5 USD,
Mon Feb 10 23:43:54 2020, 9822.5, 9823.0, 631293.0, 4455123.0, 0.5 USD,
Mon Feb 10 23:43:56 2020, 9822.5, 9823.0, 639939.0, 4279736.0, 0.5 USD,
Mon Feb 10 23:43:58 2020, 9822.5, 9823.0, 1039939.0, 4279370.0, 0.5 USD,
Mon Feb 10 23:44:00 2020, 9822.5, 9823.0, 1039888.0, 4303263.0, 0.5 USD,
Mon Feb 10 23:44:02 2020, 9822.5, 9823.0, 639888.0, 4304640.0, 0.5 USD,
Mon Feb 10 23:44:05 2020, 9822.5, 9823.0, 639211.0, 4324732.0, 0.5 USD,
Mon Feb 10 23:44:07 2020, 9822.5, 9823.0, 1075439.0, 3682500.0, 0.5 USD,
Mon Feb 10 23:44:09 2020, 9822.5, 9823.0, 1075439.0, 3680528.0, 0.5 USD,
Mon Feb 10 23:44:11 2020, 9822.5, 9823.0, 1106439.0, 3329067.0, 0.5 USD,
Mon Feb 10 23:44:13 2020, 9822.5, 9823.0, 1090790.0, 3294130.0, 0.5 USD,
Mon Feb 10 23:44:15 2020, 9822.5, 9823.0, 1094790.0, 3319222.0, 0.5 USD,
Mon Feb 10 23:44:17 2020, 9822.5, 9823.0, 1194790.0, 3163137.0, 0.5 USD,
Mon Feb 10 23:44:19 2020, 9822.5, 9823.0, 1212293.0, 3108998.0, 0.5 USD,
Mon Feb 10 23:44:21 2020, 9822.5, 9823.0, 1210290.0, 3089998.0, 0.5 USD,
Mon Feb 10 23:44:23 2020, 9822.5, 9823.0, 1202628.0, 3159910.0, 0.5 USD,
Mon Feb 10 23:44:25 2020, 9822.5, 9823.0, 1189828.0, 3238189.0, 0.5 USD,
Mon Feb 10 23:44:27 2020, 9822.5, 9823.0, 1188401.0, 3256189.0, 0.5 USD,
Mon Feb 10 23:44:29 2020, 9822.5, 9823.0, 1200789.0, 3212330.0, 0.5 USD,
Mon Feb 10 23:44:31 2020, 9822.5, 9823.0, 1207689.0, 3234030.0, 0.5 USD,
Mon Feb 10 23:44:33 2020, 9822.5, 9823.0, 1189393.0, 3238568.0, 0.5 USD,
Mon Feb 10 23:44:35 2020, 9822.5, 9823.0, 1189393.0, 3242568.0, 0.5 USD,
Mon Feb 10 23:44:37 2020, 9822.5, 9823.0, 1209393.0, 3242568.0, 0.5 USD,
Mon Feb 10 23:44:39 2020, 9822.5, 9823.0, 1211392.0, 3237329.0, 0.5 USD,
Mon Feb 10 23:44:41 2020, 9822.5, 9823.0, 1169392.0, 3330915.0, 0.5 USD,
Mon Feb 10 23:44:43 2020, 9822.5, 9823.0, 1137590.0, 3348037.0, 0.5 USD,
Mon Feb 10 23:44:45 2020, 9822.5, 9823.0, 1135590.0, 3277328.0, 0.5 USD,
Mon Feb 10 23:44:47 2020, 9822.5, 9823.0, 1141453.0, 3227328.0, 0.5 USD,
Mon Feb 10 23:44:49 2020, 9822.5, 9823.0, 1186452.0, 3202028.0, 0.5 USD,
Mon Feb 10 23:44:51 2020, 9822.5, 9823.0, 1178160.0, 3030490.0, 0.5 USD,
Mon Feb 10 23:44:53 2020, 9822.5, 9823.0, 1183160.0, 2874996.0, 0.5 USD,
Mon Feb 10 23:44:55 2020, 9822.5, 9823.0, 1174305.0, 2924251.0, 0.5 USD,
Mon Feb 10 23:44:57 2020, 9822.5, 9823.0, 1193559.0, 2835940.0, 0.5 USD,
Mon Feb 10 23:45:00 2020, 9822.5, 9823.0, 1193659.0, 2683243.0, 0.5 USD,
Mon Feb 10 23:45:02 2020, 9822.5, 9823.0, 1324630.0, 1176273.0, 0.5 USD,
Mon Feb 10 23:45:04 2020, 9822.5, 9823.0, 1375227.0, 989795.0, 0.5 USD,
Mon Feb 10 23:45:06 2020, 9822.5, 9823.0, 1437480.0, 1020593.0, 0.5 USD,
Mon Feb 10 23:45:08 2020, 9822.5, 9823.0, 1477174.0, 966469.0, 0.5 USD,
Mon Feb 10 23:45:10 2020, 9822.5, 9823.0, 1489300.0, 898885.0, 0.5 USD,
Mon Feb 10 23:45:12 2020, 9822.5, 9823.0, 1473375.0, 896603.0, 0.5 USD,
Mon Feb 10 23:45:14 2020, 9822.5, 9823.0, 1460775.0, 868092.0, 0.5 USD,
Mon Feb 10 23:45:16 2020, 9822.5, 9823.0, 1461834.0, 789373.0, 0.5 USD,
Mon Feb 10 23:45:18 2020, 9822.5, 9823.0, 1576350.0, 772363.0, 0.5 USD,
Mon Feb 10 23:45:20 2020, 9822.5, 9823.0, 1601418.0, 759788.0, 0.5 USD,
Mon Feb 10 23:45:22 2020, 9822.5, 9823.0, 1626125.0, 759688.0, 0.5 USD,
Mon Feb 10 23:45:24 2020, 9822.5, 9823.0, 1722873.0, 633642.0, 0.5 USD,
Mon Feb 10 23:45:26 2020, 9822.5, 9823.0, 1759273.0, 626022.0, 0.5 USD,
Mon Feb 10 23:45:28 2020, 9822.5, 9823.0, 1840443.0, 597022.0, 0.5 USD,
Mon Feb 10 23:45:30 2020, 9822.5, 9823.0, 1836443.0, 528595.0, 0.5 USD,
Mon Feb 10 23:45:32 2020, 9822.5, 9823.0, 1858383.0, 328134.0, 0.5 USD,
Mon Feb 10 23:45:34 2020, 9822.5, 9823.0, 3200986.0, 119772.0, 0.5 USD,
Mon Feb 10 23:45:36 2020, 9823.5, 9824.0, 2922080.0, 184366.0, 0.5 USD,
Mon Feb 10 23:45:38 2020, 9823.5, 9824.0, 3148878.0, 113327.0, 0.5 USD,
Mon Feb 10 23:45:41 2020, 9823.5, 9824.0, 3262832.0, 108297.0, 0.5 USD,
Mon Feb 10 23:45:43 2020, 9829.5, 9830.0, 2514699.0, 1625139.0, 0.5 USD,
Mon Feb 10 23:45:45 2020, 9829.5, 9830.0, 2617626.0, 714832.0, 0.5 USD,
Mon Feb 10 23:45:47 2020, 9829.5, 9830.0, 3600473.0, 417957.0, 0.5 USD,
Mon Feb 10 23:45:49 2020, 9829.5, 9830.0, 3645012.0, 282168.0, 0.5 USD,
Mon Feb 10 23:45:51 2020, 9829.5, 9830.0, 3764078.0, 16123.0, 0.5 USD,
Mon Feb 10 23:45:53 2020, 9831.0, 9831.5, 3578147.0, 136121.0, 0.5 USD,
Mon Feb 10 23:45:55 2020, 9832.0, 9832.5, 3365964.0, 1084417.0, 0.5 USD,
Mon Feb 10 23:45:57 2020, 9832.0, 9832.5, 2723469.0, 1163171.0, 0.5 USD,
Mon Feb 10 23:45:59 2020, 9832.0, 9832.5, 2797250.0, 979793.0, 0.5 USD,
Mon Feb 10 23:46:01 2020, 9832.0, 9832.5, 3639583.0, 905852.0, 0.5 USD,
Mon Feb 10 23:46:03 2020, 9833.5, 9834.0, 2838993.0, 141818.0, 0.5 USD,
Mon Feb 10 23:46:05 2020, 9833.5, 9834.0, 3024082.0, 72011.0, 0.5 USD,
Mon Feb 10 23:46:07 2020, 9833.5, 9834.0, 3140119.0, 29414.0, 0.5 USD,
Mon Feb 10 23:46:09 2020, 9833.5, 9834.0, 3440327.0, 21027.0, 0.5 USD,
Mon Feb 10 23:46:11 2020, 9839.0, 9839.5, 357135.0, 70955.0, 0.5 USD,
Mon Feb 10 23:46:13 2020, 9839.0, 9839.5, 2207242.0, 30932.0, 0.5 USD,
Mon Feb 10 23:46:15 2020, 9839.0, 9839.5, 2641370.0, 49773.0, 0.5 USD,
Mon Feb 10 23:46:17 2020, 9840.5, 9841.0, 1844156.0, 493953.0, 0.5 USD,
Mon Feb 10 23:46:19 2020, 9840.5, 9841.0, 1660385.0, 813309.0, 0.5 USD,
Mon Feb 10 23:46:21 2020, 9841.5, 9842.0, 1909078.0, 758717.0, 0.5 USD,
Mon Feb 10 23:46:23 2020, 9841.5, 9842.0, 1939866.0, 722517.0, 0.5 USD,
Mon Feb 10 23:46:25 2020, 9841.5, 9842.0, 2033589.0, 778965.0, 0.5 USD,
Mon Feb 10 23:46:27 2020, 9841.5, 9842.0, 2028868.0, 782767.0, 0.5 USD,
Mon Feb 10 23:46:29 2020, 9841.5, 9842.0, 2011382.0, 774926.0, 0.5 USD,
Mon Feb 10 23:46:32 2020, 9841.5, 9842.0, 1660820.0, 1138822.0, 0.5 USD,
Mon Feb 10 23:46:34 2020, 9841.5, 9842.0, 1538087.0, 1743454.0, 0.5 USD,
Mon Feb 10 23:46:36 2020, 9841.5, 9842.0, 1394318.0, 1650279.0, 0.5 USD,
Mon Feb 10 23:46:38 2020, 9841.5, 9842.0, 1408618.0, 1648229.0, 0.5 USD,
Mon Feb 10 23:46:40 2020, 9841.5, 9842.0, 1484114.0, 1642604.0, 0.5 USD,
Mon Feb 10 23:46:42 2020, 9841.5, 9842.0, 1433730.0, 1860989.0, 0.5 USD,
Mon Feb 10 23:46:44 2020, 9841.5, 9842.0, 1463752.0, 1899997.0, 0.5 USD,
Mon Feb 10 23:46:46 2020, 9841.5, 9842.0, 1457718.0, 1892083.0, 0.5 USD,
Mon Feb 10 23:46:48 2020, 9841.5, 9842.0, 1433427.0, 1862113.0, 0.5 USD,
Mon Feb 10 23:46:50 2020, 9841.5, 9842.0, 1431248.0, 1902017.0, 0.5 USD,
Mon Feb 10 23:46:52 2020, 9841.5, 9842.0, 1475393.0, 1904051.0, 0.5 USD,
Mon Feb 10 23:46:54 2020, 9841.5, 9842.0, 1463260.0, 1852754.0, 0.5 USD,
Mon Feb 10 23:46:56 2020, 9841.5, 9842.0, 1485420.0, 1772581.0, 0.5 USD,
Mon Feb 10 23:46:58 2020, 9841.5, 9842.0, 1413318.0, 1963625.0, 0.5 USD,
Mon Feb 10 23:47:00 2020, 9841.5, 9842.0, 1327631.0, 1884548.0, 0.5 USD,
Mon Feb 10 23:47:02 2020, 9841.5, 9842.0, 1357603.0, 1884098.0, 0.5 USD,
Mon Feb 10 23:47:04 2020, 9841.5, 9842.0, 1402582.0, 1884188.0, 0.5 USD,
Mon Feb 10 23:47:06 2020, 9841.5, 9842.0, 1395319.0, 1894842.0, 0.5 USD,
Mon Feb 10 23:47:08 2020, 9841.5, 9842.0, 1327357.0, 1815112.0, 0.5 USD,
Mon Feb 10 23:47:10 2020, 9841.5, 9842.0, 1539527.0, 1830899.0, 0.5 USD,
Mon Feb 10 23:47:12 2020, 9841.5, 9842.0, 1527024.0, 1894924.0, 0.5 USD,
Mon Feb 10 23:47:14 2020, 9841.5, 9842.0, 1537335.0, 2044905.0, 0.5 USD,
Mon Feb 10 23:47:16 2020, 9841.5, 9842.0, 1659627.0, 2012611.0, 0.5 USD,
Mon Feb 10 23:47:18 2020, 9841.5, 9842.0, 1679753.0, 1956877.0, 0.5 USD,
Mon Feb 10 23:47:20 2020, 9841.5, 9842.0, 1591923.0, 1955077.0, 0.5 USD,
Mon Feb 10 23:47:22 2020, 9841.5, 9842.0, 299569.0, 2091369.0, 0.5 USD,
Mon Feb 10 23:47:24 2020, 9841.0, 9841.5, 157870.0, 2144712.0, 0.5 USD,
Mon Feb 10 23:47:27 2020, 9841.0, 9841.5, 111936.0, 2095632.0, 0.5 USD,
Mon Feb 10 23:47:29 2020, 9841.0, 9841.5, 107138.0, 2072552.0, 0.5 USD,
Mon Feb 10 23:47:31 2020, 9841.0, 9841.5, 114055.0, 2056552.0, 0.5 USD,
Mon Feb 10 23:47:33 2020, 9841.0, 9841.5, 136547.0, 2122505.0, 0.5 USD,
Mon Feb 10 23:47:35 2020, 9841.0, 9841.5, 136547.0, 2051303.0, 0.5 USD,
Mon Feb 10 23:47:37 2020, 9841.0, 9841.5, 284213.0, 1764568.0, 0.5 USD,
Mon Feb 10 23:47:39 2020, 9841.0, 9841.5, 670275.0, 1747763.0, 0.5 USD,
Mon Feb 10 23:47:41 2020, 9841.0, 9841.5, 684271.0, 1740152.0, 0.5 USD,
Mon Feb 10 23:47:44 2020, 9841.0, 9841.5, 272208.0, 1763751.0, 0.5 USD,
Mon Feb 10 23:47:46 2020, 9841.0, 9841.5, 336859.0, 1759023.0, 0.5 USD,
Mon Feb 10 23:47:48 2020, 9841.0, 9841.5, 210697.0, 1889645.0, 0.5 USD,
Mon Feb 10 23:47:50 2020, 9841.0, 9841.5, 229703.0, 2064951.0, 0.5 USD,
Mon Feb 10 23:47:52 2020, 9841.0, 9841.5, 136055.0, 2206814.0, 0.5 USD,
Mon Feb 10 23:47:54 2020, 9841.0, 9841.5, 127056.0, 1992181.0, 0.5 USD,
Mon Feb 10 23:47:56 2020, 9841.0, 9841.5, 149090.0, 2162106.0, 0.5 USD,
Mon Feb 10 23:47:58 2020, 9841.0, 9841.5, 149146.0, 2116206.0, 0.5 USD,
Mon Feb 10 23:48:00 2020, 9841.0, 9841.5, 148234.0, 2119117.0, 0.5 USD,
Mon Feb 10 23:48:02 2020, 9841.0, 9841.5, 461791.0, 2101910.0, 0.5 USD,
Mon Feb 10 23:48:04 2020, 9841.0, 9841.5, 471052.0, 2081969.0, 0.5 USD,
Mon Feb 10 23:48:06 2020, 9841.0, 9841.5, 466902.0, 2062242.0, 0.5 USD,
Mon Feb 10 23:48:08 2020, 9841.0, 9841.5, 475308.0, 2055595.0, 0.5 USD,
Mon Feb 10 23:48:10 2020, 9841.0, 9841.5, 472977.0, 2087278.0, 0.5 USD,
Mon Feb 10 23:48:13 2020, 9841.0, 9841.5, 470820.0, 2087938.0, 0.5 USD,
Mon Feb 10 23:48:15 2020, 9841.0, 9841.5, 455977.0, 2089403.0, 0.5 USD,
Mon Feb 10 23:48:17 2020, 9841.0, 9841.5, 396992.0, 2040402.0, 0.5 USD,
Mon Feb 10 23:48:19 2020, 9841.0, 9841.5, 435458.0, 1983471.0, 0.5 USD,
Mon Feb 10 23:48:21 2020, 9841.0, 9841.5, 438979.0, 2004584.0, 0.5 USD,
Mon Feb 10 23:48:23 2020, 9841.0, 9841.5, 427435.0, 2001517.0, 0.5 USD,
Mon Feb 10 23:48:25 2020, 9841.0, 9841.5, 446268.0, 1983244.0, 0.5 USD,
Mon Feb 10 23:48:27 2020, 9841.0, 9841.5, 421089.0, 1866455.0, 0.5 USD,
Mon Feb 10 23:48:29 2020, 9841.0, 9841.5, 426588.0, 1863185.0, 0.5 USD,
Mon Feb 10 23:48:31 2020, 9841.0, 9841.5, 422391.0, 1862421.0, 0.5 USD,
Mon Feb 10 23:48:33 2020, 9841.0, 9841.5, 1420944.0, 1211439.0, 0.5 USD,
Mon Feb 10 23:48:35 2020, 9841.0, 9841.5, 1528258.0, 619483.0, 0.5 USD,
Mon Feb 10 23:48:37 2020, 9841.0, 9841.5, 1662306.0, 593877.0, 0.5 USD,
Mon Feb 10 23:48:39 2020, 9841.0, 9841.5, 1781937.0, 611799.0, 0.5 USD,
Mon Feb 10 23:48:41 2020, 9841.0, 9841.5, 1916975.0, 536799.0, 0.5 USD,
Mon Feb 10 23:48:43 2020, 9841.0, 9841.5, 1925213.0, 584889.0, 0.5 USD,
Mon Feb 10 23:48:45 2020, 9841.0, 9841.5, 2446257.0, 506980.0, 0.5 USD,
Mon Feb 10 23:48:47 2020, 9841.0, 9841.5, 2466000.0, 344994.0, 0.5 USD,
Mon Feb 10 23:48:49 2020, 9841.0, 9841.5, 2804502.0, 278455.0, 0.5 USD,
Mon Feb 10 23:48:51 2020, 9841.0, 9841.5, 2970973.0, 232499.0, 0.5 USD,
Mon Feb 10 23:48:53 2020, 9841.0, 9841.5, 2962872.0, 252982.0, 0.5 USD,
Mon Feb 10 23:48:55 2020, 9841.0, 9841.5, 3291610.0, 220546.0, 0.5 USD,
Mon Feb 10 23:48:57 2020, 9841.0, 9841.5, 3391942.0, 116810.0, 0.5 USD,
Mon Feb 10 23:48:59 2020, 9841.0, 9841.5, 3405045.0, 116366.0, 0.5 USD,
Mon Feb 10 23:49:01 2020, 9845.5, 9846.0, 1103329.0, 7150.0, 0.5 USD,
Mon Feb 10 23:49:04 2020, 9845.5, 9846.0, 2316874.0, 441070.0, 0.5 USD,
Mon Feb 10 23:49:06 2020, 9845.5, 9846.0, 2234559.0, 446835.0, 0.5 USD,
Mon Feb 10 23:49:08 2020, 9845.5, 9846.0, 2063565.0, 469648.0, 0.5 USD,
Mon Feb 10 23:49:10 2020, 9845.5, 9846.0, 2084691.0, 401457.0, 0.5 USD,
Mon Feb 10 23:49:12 2020, 9845.5, 9846.0, 2251778.0, 401145.0, 0.5 USD,
Mon Feb 10 23:49:14 2020, 9845.5, 9846.0, 2069909.0, 417759.0, 0.5 USD,
Mon Feb 10 23:49:16 2020, 9845.5, 9846.0, 2241353.0, 419603.0, 0.5 USD,
Mon Feb 10 23:49:18 2020, 9845.5, 9846.0, 2239998.0, 386865.0, 0.5 USD,
Mon Feb 10 23:49:20 2020, 9845.5, 9846.0, 2339937.0, 304367.0, 0.5 USD,
Mon Feb 10 23:49:22 2020, 9845.5, 9846.0, 2277019.0, 329214.0, 0.5 USD,
Mon Feb 10 23:49:24 2020, 9845.5, 9846.0, 2192774.0, 360673.0, 0.5 USD,
Mon Feb 10 23:49:26 2020, 9845.5, 9846.0, 2175028.0, 344686.0, 0.5 USD,
Mon Feb 10 23:49:28 2020, 9845.5, 9846.0, 2217927.0, 360556.0, 0.5 USD,
Mon Feb 10 23:49:30 2020, 9845.5, 9846.0, 2046798.0, 375419.0, 0.5 USD,
Mon Feb 10 23:49:32 2020, 9845.5, 9846.0, 2028651.0, 375234.0, 0.5 USD,
Mon Feb 10 23:49:34 2020, 9845.5, 9846.0, 2009239.0, 373332.0, 0.5 USD,
Mon Feb 10 23:49:36 2020, 9845.5, 9846.0, 2068857.0, 384831.0, 0.5 USD,
Mon Feb 10 23:49:38 2020, 9845.5, 9846.0, 2057106.0, 377168.0, 0.5 USD,
Mon Feb 10 23:49:40 2020, 9845.5, 9846.0, 2019251.0, 385268.0, 0.5 USD,
Mon Feb 10 23:49:42 2020, 9845.5, 9846.0, 2002257.0, 380666.0, 0.5 USD,
Mon Feb 10 23:49:44 2020, 9845.5, 9846.0, 1910442.0, 392160.0, 0.5 USD,
Mon Feb 10 23:49:46 2020, 9845.5, 9846.0, 1481174.0, 412513.0, 0.5 USD,
Mon Feb 10 23:49:48 2020, 9845.5, 9846.0, 1245496.0, 1158798.0, 0.5 USD,
Mon Feb 10 23:49:51 2020, 9845.5, 9846.0, 1199499.0, 1107773.0, 0.5 USD,
Mon Feb 10 23:49:53 2020, 9845.5, 9846.0, 1528775.0, 997247.0, 0.5 USD,
Mon Feb 10 23:49:55 2020, 9845.5, 9846.0, 1296775.0, 1018472.0, 0.5 USD,
Mon Feb 10 23:49:57 2020, 9845.5, 9846.0, 1343188.0, 1001349.0, 0.5 USD,
Mon Feb 10 23:49:59 2020, 9845.5, 9846.0, 1267735.0, 1003604.0, 0.5 USD,
Mon Feb 10 23:50:01 2020, 9845.5, 9846.0, 1274048.0, 927571.0, 0.5 USD,
Mon Feb 10 23:50:03 2020, 9845.5, 9846.0, 1295717.0, 894449.0, 0.5 USD,
Mon Feb 10 23:50:05 2020, 9845.5, 9846.0, 1299950.0, 879762.0, 0.5 USD,
Mon Feb 10 23:50:07 2020, 9845.5, 9846.0, 1597601.0, 878686.0, 0.5 USD,
Mon Feb 10 23:50:09 2020, 9845.5, 9846.0, 1587254.0, 875437.0, 0.5 USD,
Mon Feb 10 23:50:11 2020, 9845.5, 9846.0, 1579554.0, 874044.0, 0.5 USD,
Mon Feb 10 23:50:13 2020, 9845.5, 9846.0, 1584258.0, 870890.0, 0.5 USD,
Mon Feb 10 23:50:15 2020, 9845.5, 9846.0, 1580858.0, 859590.0, 0.5 USD,
Mon Feb 10 23:50:17 2020, 9845.5, 9846.0, 1607902.0, 836220.0, 0.5 USD,
Mon Feb 10 23:50:19 2020, 9845.5, 9846.0, 1671898.0, 822146.0, 0.5 USD,
Mon Feb 10 23:50:21 2020, 9845.5, 9846.0, 1699968.0, 821546.0, 0.5 USD,
Mon Feb 10 23:50:23 2020, 9845.5, 9846.0, 1910480.0, 810800.0, 0.5 USD,
Mon Feb 10 23:50:25 2020, 9845.5, 9846.0, 1657353.0, 808770.0, 0.5 USD,
Mon Feb 10 23:50:27 2020, 9845.5, 9846.0, 1740018.0, 813912.0, 0.5 USD,
Mon Feb 10 23:50:29 2020, 9845.5, 9846.0, 1901395.0, 814525.0, 0.5 USD,
Mon Feb 10 23:50:32 2020, 9845.5, 9846.0, 1909958.0, 814525.0, 0.5 USD,
Mon Feb 10 23:50:34 2020, 9845.5, 9846.0, 1892702.0, 801762.0, 0.5 USD,
Mon Feb 10 23:50:36 2020, 9845.5, 9846.0, 1882702.0, 817862.0, 0.5 USD,
Mon Feb 10 23:50:38 2020, 9845.5, 9846.0, 1625702.0, 841487.0, 0.5 USD,
Mon Feb 10 23:50:40 2020, 9845.5, 9846.0, 1790193.0, 842387.0, 0.5 USD,
Mon Feb 10 23:50:42 2020, 9845.5, 9846.0, 1798432.0, 802337.0, 0.5 USD,
Mon Feb 10 23:50:44 2020, 9845.5, 9846.0, 1848356.0, 386217.0, 0.5 USD,
Mon Feb 10 23:50:46 2020, 9845.5, 9846.0, 1848356.0, 376371.0, 0.5 USD,
Mon Feb 10 23:50:48 2020, 9845.5, 9846.0, 1848356.0, 377271.0, 0.5 USD,
Mon Feb 10 23:50:50 2020, 9845.5, 9846.0, 1801138.0, 368245.0, 0.5 USD,
Mon Feb 10 23:50:52 2020, 9845.5, 9846.0, 1622191.0, 364440.0, 0.5 USD,
Mon Feb 10 23:50:54 2020, 9845.5, 9846.0, 1793176.0, 368219.0, 0.5 USD,
Mon Feb 10 23:50:56 2020, 9845.5, 9846.0, 1792451.0, 360709.0, 0.5 USD,
Mon Feb 10 23:50:58 2020, 9845.5, 9846.0, 1612451.0, 326062.0, 0.5 USD,
Mon Feb 10 23:51:00 2020, 9845.5, 9846.0, 1699254.0, 312920.0, 0.5 USD,
Mon Feb 10 23:51:02 2020, 9845.5, 9846.0, 1575093.0, 290565.0, 0.5 USD,
Mon Feb 10 23:51:04 2020, 9845.5, 9846.0, 1574136.0, 290728.0, 0.5 USD,
Mon Feb 10 23:51:06 2020, 9845.5, 9846.0, 1678795.0, 291232.0, 0.5 USD,
Mon Feb 10 23:51:08 2020, 9845.5, 9846.0, 1715914.0, 290754.0, 0.5 USD,
Mon Feb 10 23:51:10 2020, 9845.5, 9846.0, 1646354.0, 301048.0, 0.5 USD,
Mon Feb 10 23:51:12 2020, 9845.5, 9846.0, 1665645.0, 303720.0, 0.5 USD,
Mon Feb 10 23:51:14 2020, 9845.5, 9846.0, 1496714.0, 309205.0, 0.5 USD,
Mon Feb 10 23:51:16 2020, 9845.5, 9846.0, 1475964.0, 309805.0, 0.5 USD,
Mon Feb 10 23:51:18 2020, 9845.5, 9846.0, 1526342.0, 234590.0, 0.5 USD,
Mon Feb 10 23:51:20 2020, 9845.5, 9846.0, 1636988.0, 244620.0, 0.5 USD,
Mon Feb 10 23:51:22 2020, 9845.5, 9846.0, 1621988.0, 278970.0, 0.5 USD,
Mon Feb 10 23:51:24 2020, 9845.5, 9846.0, 1702154.0, 299482.0, 0.5 USD,
Mon Feb 10 23:51:27 2020, 9845.5, 9846.0, 1608110.0, 294419.0, 0.5 USD,
Mon Feb 10 23:51:29 2020, 9845.5, 9846.0, 1655842.0, 280383.0, 0.5 USD,
Mon Feb 10 23:51:31 2020, 9845.5, 9846.0, 1683939.0, 273063.0, 0.5 USD,
Mon Feb 10 23:51:33 2020, 9845.5, 9846.0, 1804321.0, 272630.0, 0.5 USD,
Mon Feb 10 23:51:35 2020, 9845.5, 9846.0, 1841294.0, 311954.0, 0.5 USD,
Mon Feb 10 23:51:37 2020, 9845.5, 9846.0, 1846912.0, 312954.0, 0.5 USD,
Mon Feb 10 23:51:39 2020, 9845.5, 9846.0, 1870897.0, 319504.0, 0.5 USD,
Mon Feb 10 23:51:41 2020, 9845.5, 9846.0, 1901698.0, 279484.0, 0.5 USD,
Mon Feb 10 23:51:43 2020, 9845.5, 9846.0, 1894235.0, 315063.0, 0.5 USD,
Mon Feb 10 23:51:45 2020, 9845.5, 9846.0, 1920469.0, 234063.0, 0.5 USD,
Mon Feb 10 23:51:47 2020, 9845.5, 9846.0, 2132857.0, 234963.0, 0.5 USD,
Mon Feb 10 23:51:49 2020, 9845.5, 9846.0, 2120100.0, 233812.0, 0.5 USD,
Mon Feb 10 23:51:51 2020, 9845.5, 9846.0, 2094374.0, 263812.0, 0.5 USD,
Mon Feb 10 23:51:53 2020, 9845.5, 9846.0, 2114978.0, 263812.0, 0.5 USD,
Mon Feb 10 23:51:55 2020, 9845.5, 9846.0, 2126478.0, 237043.0, 0.5 USD,
Mon Feb 10 23:51:57 2020, 9845.5, 9846.0, 1909414.0, 303812.0, 0.5 USD,
Mon Feb 10 23:51:59 2020, 9845.5, 9846.0, 2188990.0, 308216.0, 0.5 USD,
Mon Feb 10 23:52:01 2020, 9845.5, 9846.0, 2178762.0, 293516.0, 0.5 USD,
Mon Feb 10 23:52:03 2020, 9845.5, 9846.0, 2188910.0, 258812.0, 0.5 USD,
Mon Feb 10 23:52:05 2020, 9845.5, 9846.0, 2150180.0, 311582.0, 0.5 USD,
Mon Feb 10 23:52:07 2020, 9845.5, 9846.0, 2154195.0, 316276.0, 0.5 USD,
Mon Feb 10 23:52:09 2020, 9845.5, 9846.0, 2267509.0, 104522.0, 0.5 USD,
Mon Feb 10 23:52:11 2020, 9845.5, 9846.0, 2238551.0, 107215.0, 0.5 USD,
Mon Feb 10 23:52:13 2020, 9845.5, 9846.0, 2319027.0, 107676.0, 0.5 USD,
Mon Feb 10 23:52:15 2020, 9845.5, 9846.0, 2349027.0, 100676.0, 0.5 USD,
Mon Feb 10 23:52:17 2020, 9845.5, 9846.0, 2369027.0, 108726.0, 0.5 USD,
Mon Feb 10 23:52:19 2020, 9845.5, 9846.0, 2443872.0, 108026.0, 0.5 USD,
Mon Feb 10 23:52:22 2020, 9845.5, 9846.0, 2472132.0, 103051.0, 0.5 USD,
Mon Feb 10 23:52:24 2020, 9845.5, 9846.0, 2464682.0, 98580.0, 0.5 USD,
Mon Feb 10 23:52:26 2020, 9845.5, 9846.0, 2515184.0, 98580.0, 0.5 USD,
Mon Feb 10 23:52:28 2020, 9845.5, 9846.0, 2364994.0, 107521.0, 0.5 USD,
Mon Feb 10 23:52:30 2020, 9845.5, 9846.0, 2546925.0, 100700.0, 0.5 USD,
Mon Feb 10 23:52:32 2020, 9845.5, 9846.0, 2545819.0, 104870.0, 0.5 USD,
Mon Feb 10 23:52:34 2020, 9845.5, 9846.0, 2525629.0, 94540.0, 0.5 USD,
Mon Feb 10 23:52:36 2020, 9845.5, 9846.0, 2510793.0, 90048.0, 0.5 USD,
Mon Feb 10 23:52:38 2020, 9845.5, 9846.0, 2456315.0, 110494.0, 0.5 USD,
Mon Feb 10 23:52:40 2020, 9846.0, 9846.5, 2334410.0, 144794.0, 0.5 USD,
Mon Feb 10 23:52:42 2020, 9846.0, 9846.5, 2487281.0, 101330.0, 0.5 USD,
Mon Feb 10 23:52:44 2020, 9846.0, 9846.5, 2616522.0, 101329.0, 0.5 USD,
Mon Feb 10 23:52:46 2020, 9846.0, 9846.5, 2703309.0, 100625.0, 0.5 USD,
Mon Feb 10 23:52:48 2020, 9846.0, 9846.5, 2720795.0, 82687.0, 0.5 USD,
Mon Feb 10 23:52:50 2020, 9846.0, 9846.5, 2851821.0, 82747.0, 0.5 USD,
Mon Feb 10 23:52:52 2020, 9846.0, 9846.5, 2861642.0, 82775.0, 0.5 USD,
Mon Feb 10 23:52:54 2020, 9846.0, 9846.5, 2707287.0, 82933.0, 0.5 USD,
Mon Feb 10 23:52:56 2020, 9846.0, 9846.5, 2762712.0, 78129.0, 0.5 USD,
Mon Feb 10 23:52:59 2020, 9846.0, 9846.5, 2752742.0, 78987.0, 0.5 USD,
Mon Feb 10 23:53:01 2020, 9846.0, 9846.5, 2797330.0, 78980.0, 0.5 USD,
Mon Feb 10 23:53:03 2020, 9846.0, 9846.5, 2838323.0, 113882.0, 0.5 USD,
Mon Feb 10 23:53:05 2020, 9846.0, 9846.5, 2849520.0, 113017.0, 0.5 USD,
Mon Feb 10 23:53:07 2020, 9846.0, 9846.5, 3040020.0, 92952.0, 0.5 USD,
Mon Feb 10 23:53:09 2020, 9846.0, 9846.5, 3050999.0, 87986.0, 0.5 USD,
Mon Feb 10 23:53:11 2020, 9846.0, 9846.5, 3031116.0, 87486.0, 0.5 USD,
Mon Feb 10 23:53:13 2020, 9846.0, 9846.5, 3027383.0, 88486.0, 0.5 USD,
Mon Feb 10 23:53:15 2020, 9846.0, 9846.5, 3064630.0, 72558.0, 0.5 USD,
Mon Feb 10 23:53:17 2020, 9846.0, 9846.5, 2904722.0, 72490.0, 0.5 USD,
Mon Feb 10 23:53:19 2020, 9846.0, 9846.5, 3086274.0, 72490.0, 0.5 USD,
Mon Feb 10 23:53:21 2020, 9846.0, 9846.5, 3096274.0, 70590.0, 0.5 USD,
Mon Feb 10 23:53:23 2020, 9846.0, 9846.5, 3108824.0, 37782.0, 0.5 USD,
Mon Feb 10 23:53:25 2020, 9846.0, 9846.5, 3113918.0, 39489.0, 0.5 USD,
Mon Feb 10 23:53:27 2020, 9846.0, 9846.5, 3138418.0, 37319.0, 0.5 USD,
Mon Feb 10 23:53:29 2020, 9846.0, 9846.5, 3020616.0, 37348.0, 0.5 USD,
Mon Feb 10 23:53:31 2020, 9846.0, 9846.5, 2894945.0, 37348.0, 0.5 USD,
Mon Feb 10 23:53:33 2020, 9846.0, 9846.5, 3088803.0, 37408.0, 0.5 USD,
Mon Feb 10 23:53:35 2020, 9846.0, 9846.5, 3110484.0, 37408.0, 0.5 USD,
Mon Feb 10 23:53:37 2020, 9846.0, 9846.5, 3105734.0, 18154.0, 0.5 USD,
Mon Feb 10 23:53:39 2020, 9846.0, 9846.5, 2785698.0, 43819.0, 0.5 USD,
Mon Feb 10 23:53:41 2020, 9846.0, 9846.5, 2549973.0, 59482.0, 0.5 USD,
Mon Feb 10 23:53:43 2020, 9846.0, 9846.5, 2321742.0, 613145.0, 0.5 USD,
Mon Feb 10 23:53:45 2020, 9846.0, 9846.5, 2318169.0, 642216.0, 0.5 USD,
Mon Feb 10 23:53:47 2020, 9846.0, 9846.5, 2264045.0, 777794.0, 0.5 USD,
Mon Feb 10 23:53:49 2020, 9846.0, 9846.5, 1941600.0, 810790.0, 0.5 USD,
Mon Feb 10 23:53:52 2020, 9846.0, 9846.5, 1783681.0, 901527.0, 0.5 USD,
Mon Feb 10 23:53:54 2020, 9846.0, 9846.5, 1781680.0, 885142.0, 0.5 USD,
Mon Feb 10 23:53:56 2020, 9846.0, 9846.5, 1717630.0, 927316.0, 0.5 USD,
Mon Feb 10 23:53:58 2020, 9846.0, 9846.5, 1438795.0, 928435.0, 0.5 USD,
Mon Feb 10 23:54:00 2020, 9846.0, 9846.5, 1433795.0, 924435.0, 0.5 USD,
Mon Feb 10 23:54:02 2020, 9846.0, 9846.5, 1953739.0, 936934.0, 0.5 USD,
Mon Feb 10 23:54:04 2020, 9846.0, 9846.5, 1972110.0, 935450.0, 0.5 USD,
Mon Feb 10 23:54:06 2020, 9846.0, 9846.5, 1974435.0, 939861.0, 0.5 USD,
Mon Feb 10 23:54:08 2020, 9846.0, 9846.5, 1974540.0, 949861.0, 0.5 USD,
Mon Feb 10 23:54:10 2020, 9846.0, 9846.5, 2047000.0, 950461.0, 0.5 USD,
Mon Feb 10 23:54:12 2020, 9846.0, 9846.5, 2082260.0, 948691.0, 0.5 USD,
Mon Feb 10 23:54:14 2020, 9846.0, 9846.5, 2085170.0, 945091.0, 0.5 USD,
Mon Feb 10 23:54:16 2020, 9846.0, 9846.5, 2085980.0, 933131.0, 0.5 USD,
Mon Feb 10 23:54:18 2020, 9846.0, 9846.5, 2089965.0, 943265.0, 0.5 USD,
Mon Feb 10 23:54:20 2020, 9846.0, 9846.5, 2089843.0, 943264.0, 0.5 USD,
Mon Feb 10 23:54:22 2020, 9846.0, 9846.5, 2076022.0, 943264.0, 0.5 USD,
Mon Feb 10 23:54:24 2020, 9846.0, 9846.5, 2062872.0, 953264.0, 0.5 USD,
Mon Feb 10 23:54:27 2020, 9846.0, 9846.5, 2062167.0, 956164.0, 0.5 USD,
Mon Feb 10 23:54:29 2020, 9846.0, 9846.5, 2082472.0, 956164.0, 0.5 USD,
Mon Feb 10 23:54:31 2020, 9846.0, 9846.5, 2069610.0, 954264.0, 0.5 USD,
Mon Feb 10 23:54:33 2020, 9846.0, 9846.5, 2090514.0, 955164.0, 0.5 USD,
Mon Feb 10 23:54:35 2020, 9846.0, 9846.5, 2108359.0, 938041.0, 0.5 USD,
Mon Feb 10 23:54:37 2020, 9846.0, 9846.5, 2104254.0, 958082.0, 0.5 USD,
Mon Feb 10 23:54:39 2020, 9846.0, 9846.5, 2113389.0, 955552.0, 0.5 USD,
Mon Feb 10 23:54:41 2020, 9846.0, 9846.5, 2113315.0, 930634.0, 0.5 USD,
Mon Feb 10 23:54:43 2020, 9846.0, 9846.5, 2109225.0, 928634.0, 0.5 USD,
Mon Feb 10 23:54:45 2020, 9846.0, 9846.5, 2125304.0, 882787.0, 0.5 USD,
Mon Feb 10 23:54:47 2020, 9846.0, 9846.5, 2120389.0, 881822.0, 0.5 USD,
Mon Feb 10 23:54:49 2020, 9846.0, 9846.5, 2167394.0, 891822.0, 0.5 USD,
Mon Feb 10 23:54:51 2020, 9846.0, 9846.5, 2167869.0, 952241.0, 0.5 USD,
Mon Feb 10 23:54:53 2020, 9846.0, 9846.5, 2167865.0, 980461.0, 0.5 USD,
Mon Feb 10 23:54:55 2020, 9846.0, 9846.5, 2165811.0, 981287.0, 0.5 USD,
Mon Feb 10 23:54:57 2020, 9846.0, 9846.5, 2205941.0, 990387.0, 0.5 USD,
Mon Feb 10 23:54:59 2020, 9846.0, 9846.5, 2180841.0, 992187.0, 0.5 USD,
Mon Feb 10 23:55:02 2020, 9846.0, 9846.5, 2185860.0, 991994.0, 0.5 USD,
Mon Feb 10 23:55:04 2020, 9846.0, 9846.5, 2185770.0, 991938.0, 0.5 USD,
Mon Feb 10 23:55:06 2020, 9846.0, 9846.5, 2187816.0, 973771.0, 0.5 USD,
Mon Feb 10 23:55:08 2020, 9846.0, 9846.5, 2187853.0, 975738.0, 0.5 USD,
Mon Feb 10 23:55:10 2020, 9846.0, 9846.5, 2247739.0, 976754.0, 0.5 USD,
Mon Feb 10 23:55:12 2020, 9846.0, 9846.5, 2163563.0, 989256.0, 0.5 USD,
Mon Feb 10 23:55:14 2020, 9846.0, 9846.5, 2177423.0, 989296.0, 0.5 USD,
Mon Feb 10 23:55:16 2020, 9846.0, 9846.5, 2173408.0, 993296.0, 0.5 USD,
Mon Feb 10 23:55:18 2020, 9846.0, 9846.5, 2163408.0, 1009445.0, 0.5 USD,
Mon Feb 10 23:55:20 2020, 9846.0, 9846.5, 2163408.0, 995174.0, 0.5 USD,
Mon Feb 10 23:55:22 2020, 9846.0, 9846.5, 2163302.0, 995173.0, 0.5 USD,
Mon Feb 10 23:55:24 2020, 9846.0, 9846.5, 2163407.0, 996174.0, 0.5 USD,
Mon Feb 10 23:55:26 2020, 9846.0, 9846.5, 2163187.0, 1037074.0, 0.5 USD,
Mon Feb 10 23:55:28 2020, 9846.0, 9846.5, 2163187.0, 1036109.0, 0.5 USD,
Mon Feb 10 23:55:30 2020, 9846.0, 9846.5, 2163041.0, 1035209.0, 0.5 USD,
Mon Feb 10 23:55:32 2020, 9846.0, 9846.5, 2173932.0, 1028110.0, 0.5 USD,
Mon Feb 10 23:55:34 2020, 9846.0, 9846.5, 2174165.0, 1027210.0, 0.5 USD,
Mon Feb 10 23:55:36 2020, 9846.0, 9846.5, 2213085.0, 925861.0, 0.5 USD,
Mon Feb 10 23:55:38 2020, 9846.0, 9846.5, 2217797.0, 922299.0, 0.5 USD,
Mon Feb 10 23:55:41 2020, 9846.0, 9846.5, 2033809.0, 958199.0, 0.5 USD,
Mon Feb 10 23:55:43 2020, 9846.0, 9846.5, 2014635.0, 956847.0, 0.5 USD,
Mon Feb 10 23:55:45 2020, 9846.0, 9846.5, 1895084.0, 931029.0, 0.5 USD,
Mon Feb 10 23:55:47 2020, 9846.0, 9846.5, 1896189.0, 931029.0, 0.5 USD,
Mon Feb 10 23:55:49 2020, 9846.0, 9846.5, 1896189.0, 848224.0, 0.5 USD,
Mon Feb 10 23:55:51 2020, 9846.0, 9846.5, 1896189.0, 848224.0, 0.5 USD,
Mon Feb 10 23:55:53 2020, 9846.0, 9846.5, 1898739.0, 672195.0, 0.5 USD,
Mon Feb 10 23:55:55 2020, 9846.0, 9846.5, 1902001.0, 541340.0, 0.5 USD,
Mon Feb 10 23:55:57 2020, 9846.0, 9846.5, 1900890.0, 519706.0, 0.5 USD,
Mon Feb 10 23:55:59 2020, 9846.0, 9846.5, 1907771.0, 482270.0, 0.5 USD,
Mon Feb 10 23:56:01 2020, 9846.0, 9846.5, 1971770.0, 477874.0, 0.5 USD,
Mon Feb 10 23:56:03 2020, 9846.0, 9846.5, 1985981.0, 444858.0, 0.5 USD,
Mon Feb 10 23:56:05 2020, 9846.0, 9846.5, 1989139.0, 401605.0, 0.5 USD,
Mon Feb 10 23:56:07 2020, 9846.0, 9846.5, 1993190.0, 401205.0, 0.5 USD,
Mon Feb 10 23:56:09 2020, 9846.0, 9846.5, 2052769.0, 390208.0, 0.5 USD,
Mon Feb 10 23:56:11 2020, 9846.0, 9846.5, 2082741.0, 390047.0, 0.5 USD,
Mon Feb 10 23:56:13 2020, 9846.0, 9846.5, 2102669.0, 396044.0, 0.5 USD,
Mon Feb 10 23:56:15 2020, 9846.0, 9846.5, 2072669.0, 421044.0, 0.5 USD,
Mon Feb 10 23:56:17 2020, 9846.0, 9846.5, 2072628.0, 441223.0, 0.5 USD,
Mon Feb 10 23:56:19 2020, 9846.0, 9846.5, 2082628.0, 440325.0, 0.5 USD,
Mon Feb 10 23:56:21 2020, 9846.0, 9846.5, 2062628.0, 447122.0, 0.5 USD,
Mon Feb 10 23:56:23 2020, 9846.0, 9846.5, 2082611.0, 447022.0, 0.5 USD,
Mon Feb 10 23:56:25 2020, 9846.0, 9846.5, 2063404.0, 440225.0, 0.5 USD,
Mon Feb 10 23:56:27 2020, 9846.0, 9846.5, 2098405.0, 427891.0, 0.5 USD,
Mon Feb 10 23:56:29 2020, 9846.0, 9846.5, 2090405.0, 438138.0, 0.5 USD,
Mon Feb 10 23:56:31 2020, 9846.0, 9846.5, 2213010.0, 312733.0, 0.5 USD,
Mon Feb 10 23:56:34 2020, 9846.0, 9846.5, 2169113.0, 320677.0, 0.5 USD,
Mon Feb 10 23:56:36 2020, 9846.0, 9846.5, 2189098.0, 301714.0, 0.5 USD,
Mon Feb 10 23:56:38 2020, 9846.0, 9846.5, 2210487.0, 269114.0, 0.5 USD,
Mon Feb 10 23:56:40 2020, 9846.0, 9846.5, 2234687.0, 256141.0, 0.5 USD,
Mon Feb 10 23:56:42 2020, 9846.0, 9846.5, 2321578.0, 242659.0, 0.5 USD,
Mon Feb 10 23:56:44 2020, 9846.0, 9846.5, 2461548.0, 179888.0, 0.5 USD,
Mon Feb 10 23:56:46 2020, 9846.0, 9846.5, 2681548.0, 149888.0, 0.5 USD,
Mon Feb 10 23:56:48 2020, 9846.0, 9846.5, 2689548.0, 147891.0, 0.5 USD,
Mon Feb 10 23:56:50 2020, 9846.0, 9846.5, 2769598.0, 127941.0, 0.5 USD,
Mon Feb 10 23:56:52 2020, 9846.0, 9846.5, 2769624.0, 126741.0, 0.5 USD,
Mon Feb 10 23:56:54 2020, 9846.0, 9846.5, 2778571.0, 126741.0, 0.5 USD,
Mon Feb 10 23:56:56 2020, 9846.0, 9846.5, 2787698.0, 97849.0, 0.5 USD,
Mon Feb 10 23:56:58 2020, 9846.0, 9846.5, 2512482.0, 114467.0, 0.5 USD,
Mon Feb 10 23:57:00 2020, 9846.0, 9846.5, 2520449.0, 129713.0, 0.5 USD,
Mon Feb 10 23:57:02 2020, 9846.0, 9846.5, 2440481.0, 130351.0, 0.5 USD,
Mon Feb 10 23:57:04 2020, 9846.0, 9846.5, 2424114.0, 110351.0, 0.5 USD,
Mon Feb 10 23:57:06 2020, 9846.0, 9846.5, 2471015.0, 43487.0, 0.5 USD,
Mon Feb 10 23:57:08 2020, 9846.0, 9846.5, 2480981.0, 43425.0, 0.5 USD,
Mon Feb 10 23:57:10 2020, 9846.0, 9846.5, 2511009.0, 44204.0, 0.5 USD,
Mon Feb 10 23:57:12 2020, 9846.0, 9846.5, 2239073.0, 44104.0, 0.5 USD,
Mon Feb 10 23:57:14 2020, 9846.0, 9846.5, 2085835.0, 53442.0, 0.5 USD,
Mon Feb 10 23:57:16 2020, 9846.0, 9846.5, 2084756.0, 43532.0, 0.5 USD,
Mon Feb 10 23:57:19 2020, 9846.0, 9846.5, 2050861.0, 21098.0, 0.5 USD,
Mon Feb 10 23:57:21 2020, 9846.0, 9846.5, 2037861.0, 28094.0, 0.5 USD,
Mon Feb 10 23:57:23 2020, 9846.0, 9846.5, 2057914.0, 34114.0, 0.5 USD,
Mon Feb 10 23:57:25 2020, 9846.0, 9846.5, 2050442.0, 32167.0, 0.5 USD,
Mon Feb 10 23:57:27 2020, 9846.0, 9846.5, 2050442.0, 88260.0, 0.5 USD,
Mon Feb 10 23:57:29 2020, 9846.0, 9846.5, 2050442.0, 94797.0, 0.5 USD,
Mon Feb 10 23:57:31 2020, 9846.0, 9846.5, 2185442.0, 94777.0, 0.5 USD,
Mon Feb 10 23:57:33 2020, 9846.0, 9846.5, 2189409.0, 83667.0, 0.5 USD,
Mon Feb 10 23:57:35 2020, 9846.0, 9846.5, 2189540.0, 88813.0, 0.5 USD,
Mon Feb 10 23:57:37 2020, 9846.0, 9846.5, 2412588.0, 95677.0, 0.5 USD,
Mon Feb 10 23:57:39 2020, 9846.0, 9846.5, 2409584.0, 105677.0, 0.5 USD,
Mon Feb 10 23:57:41 2020, 9846.0, 9846.5, 2268173.0, 91310.0, 0.5 USD,
Mon Feb 10 23:57:43 2020, 9846.0, 9846.5, 2279627.0, 89830.0, 0.5 USD,
Mon Feb 10 23:57:45 2020, 9846.0, 9846.5, 2273113.0, 102965.0, 0.5 USD,
Mon Feb 10 23:57:47 2020, 9846.0, 9846.5, 2263088.0, 103500.0, 0.5 USD,
Mon Feb 10 23:57:49 2020, 9846.0, 9846.5, 2674088.0, 86835.0, 0.5 USD,
Mon Feb 10 23:57:51 2020, 9846.0, 9846.5, 2647043.0, 80838.0, 0.5 USD,
Mon Feb 10 23:57:53 2020, 9846.0, 9846.5, 2663443.0, 81005.0, 0.5 USD,
Mon Feb 10 23:57:55 2020, 9846.5, 9847.0, 2941126.0, 153061.0, 0.5 USD,
Mon Feb 10 23:57:57 2020, 9846.5, 9847.0, 2954109.0, 167369.0, 0.5 USD,
Mon Feb 10 23:57:59 2020, 9846.5, 9847.0, 2951359.0, 166752.0, 0.5 USD,
Mon Feb 10 23:58:01 2020, 9846.5, 9847.0, 2969254.0, 169157.0, 0.5 USD,
Mon Feb 10 23:58:03 2020, 9846.5, 9847.0, 2936024.0, 162297.0, 0.5 USD,
Mon Feb 10 23:58:05 2020, 9846.5, 9847.0, 3026197.0, 145548.0, 0.5 USD,
Mon Feb 10 23:58:07 2020, 9846.5, 9847.0, 2996197.0, 143648.0, 0.5 USD,
Mon Feb 10 23:58:09 2020, 9846.5, 9847.0, 3046222.0, 153745.0, 0.5 USD,
Mon Feb 10 23:58:12 2020, 9846.5, 9847.0, 3025273.0, 133745.0, 0.5 USD,
Mon Feb 10 23:58:14 2020, 9846.5, 9847.0, 2998317.0, 127748.0, 0.5 USD,
Mon Feb 10 23:58:16 2020, 9846.5, 9847.0, 2988535.0, 125888.0, 0.5 USD,
Mon Feb 10 23:58:18 2020, 9846.5, 9847.0, 2999403.0, 134923.0, 0.5 USD,
Mon Feb 10 23:58:20 2020, 9846.5, 9847.0, 2944298.0, 155130.0, 0.5 USD,
Mon Feb 10 23:58:22 2020, 9846.5, 9847.0, 3009388.0, 147121.0, 0.5 USD,
Mon Feb 10 23:58:24 2020, 9846.5, 9847.0, 2995583.0, 149125.0, 0.5 USD,
Mon Feb 10 23:58:26 2020, 9846.5, 9847.0, 3011331.0, 156022.0, 0.5 USD,
Mon Feb 10 23:58:28 2020, 9846.5, 9847.0, 2884839.0, 157311.0, 0.5 USD,
Mon Feb 10 23:58:30 2020, 9846.5, 9847.0, 2884824.0, 148322.0, 0.5 USD,
Mon Feb 10 23:58:32 2020, 9846.5, 9847.0, 2861584.0, 162266.0, 0.5 USD,
Mon Feb 10 23:58:34 2020, 9846.5, 9847.0, 2874766.0, 162213.0, 0.5 USD,
Mon Feb 10 23:58:36 2020, 9846.5, 9847.0, 2894766.0, 167213.0, 0.5 USD,
Mon Feb 10 23:58:38 2020, 9846.5, 9847.0, 2891001.0, 164025.0, 0.5 USD,
Mon Feb 10 23:58:40 2020, 9846.5, 9847.0, 2896001.0, 160072.0, 0.5 USD,
Mon Feb 10 23:58:42 2020, 9846.5, 9847.0, 2916001.0, 136128.0, 0.5 USD,
Mon Feb 10 23:58:45 2020, 9846.5, 9847.0, 3071353.0, 124908.0, 0.5 USD,
Mon Feb 10 23:58:47 2020, 9846.5, 9847.0, 2045846.0, 1086840.0, 0.5 USD,
Mon Feb 10 23:58:49 2020, 9846.5, 9847.0, 1959446.0, 1237585.0, 0.5 USD,
Mon Feb 10 23:58:51 2020, 9846.5, 9847.0, 1958466.0, 1249509.0, 0.5 USD,
Mon Feb 10 23:58:53 2020, 9846.5, 9847.0, 1980919.0, 1370695.0, 0.5 USD,
Mon Feb 10 23:58:55 2020, 9846.5, 9847.0, 1981758.0, 1356729.0, 0.5 USD,
Mon Feb 10 23:58:57 2020, 9846.5, 9847.0, 1629170.0, 1467461.0, 0.5 USD,
Mon Feb 10 23:58:59 2020, 9846.5, 9847.0, 1638470.0, 1625680.0, 0.5 USD,
Mon Feb 10 23:59:01 2020, 9846.5, 9847.0, 1896376.0, 1613700.0, 0.5 USD,
Mon Feb 10 23:59:03 2020, 9846.5, 9847.0, 1891506.0, 1716137.0, 0.5 USD,
Mon Feb 10 23:59:05 2020, 9846.5, 9847.0, 1879743.0, 1798524.0, 0.5 USD,
Mon Feb 10 23:59:07 2020, 9846.5, 9847.0, 1864496.0, 1812636.0, 0.5 USD,
Mon Feb 10 23:59:09 2020, 9846.5, 9847.0, 1800042.0, 1892352.0, 0.5 USD,
Mon Feb 10 23:59:11 2020, 9846.5, 9847.0, 1774421.0, 1895276.0, 0.5 USD,
Mon Feb 10 23:59:13 2020, 9846.5, 9847.0, 1765521.0, 1912025.0, 0.5 USD,
Mon Feb 10 23:59:15 2020, 9846.5, 9847.0, 1761490.0, 2151599.0, 0.5 USD,
Mon Feb 10 23:59:17 2020, 9846.5, 9847.0, 1245573.0, 2269263.0, 0.5 USD,
Mon Feb 10 23:59:19 2020, 9846.5, 9847.0, 1726882.0, 2227524.0, 0.5 USD,
Mon Feb 10 23:59:21 2020, 9846.5, 9847.0, 1726937.0, 2193458.0, 0.5 USD,
Mon Feb 10 23:59:23 2020, 9846.5, 9847.0, 1697192.0, 2139395.0, 0.5 USD,
Mon Feb 10 23:59:25 2020, 9846.5, 9847.0, 1699788.0, 2246539.0, 0.5 USD,
Mon Feb 10 23:59:28 2020, 9846.5, 9847.0, 1702741.0, 2351424.0, 0.5 USD,
Mon Feb 10 23:59:30 2020, 9846.5, 9847.0, 1722741.0, 2354682.0, 0.5 USD,
Mon Feb 10 23:59:32 2020, 9846.5, 9847.0, 1722741.0, 2337612.0, 0.5 USD,
Mon Feb 10 23:59:34 2020, 9846.5, 9847.0, 1704762.0, 2392262.0, 0.5 USD,
Mon Feb 10 23:59:36 2020, 9846.5, 9847.0, 1693060.0, 2398056.0, 0.5 USD,
Mon Feb 10 23:59:38 2020, 9846.5, 9847.0, 1693201.0, 2398284.0, 0.5 USD,
Mon Feb 10 23:59:40 2020, 9846.5, 9847.0, 1693347.0, 2413367.0, 0.5 USD,
Mon Feb 10 23:59:42 2020, 9846.5, 9847.0, 1693347.0, 2416294.0, 0.5 USD,
Mon Feb 10 23:59:44 2020, 9846.5, 9847.0, 1707362.0, 2418076.0, 0.5 USD,
Mon Feb 10 23:59:46 2020, 9846.5, 9847.0, 1702494.0, 2418076.0, 0.5 USD,
Mon Feb 10 23:59:48 2020, 9846.5, 9847.0, 1772179.0, 1863432.0, 0.5 USD,
Mon Feb 10 23:59:50 2020, 9846.5, 9847.0, 1792750.0, 1830607.0, 0.5 USD,
Mon Feb 10 23:59:52 2020, 9846.5, 9847.0, 1776485.0, 1787716.0, 0.5 USD,
Mon Feb 10 23:59:54 2020, 9846.5, 9847.0, 1776685.0, 1789450.0, 0.5 USD,
Mon Feb 10 23:59:56 2020, 9846.5, 9847.0, 1783158.0, 1988225.0, 0.5 USD,
Mon Feb 10 23:59:58 2020, 9846.5, 9847.0, 1743158.0, 2477059.0, 0.5 USD,
